2014 3164
180 195 251 246 48
796 193 844 238 P.
877 193 1105 238 PAPINII
1137 193 1335 239 STATII

183 312 429 366 Culmina
464 312 776 380 uisendique
814 311 994 365 uices‘?
1033 331 1129 365 sua
1168 313 1356 381 cuique
1393 314 1642 382 uoluptas

183 386 362 455 Atque
403 386 547 438 omni
585 385 860 452 proprium
897 385 1137 438 thalamo
1175 403 1344 453 mare,
1389 388 1641 456 transque
1678 387 1939 439 iacentem

181 458 358 512 Nerea
397 458 620 510 diuersis
661 458 824 510 seruit
863 476 958 510 sua
995 461 1138 510 terra
1176 458 1447 510 fenestris:
1884 471 1939 512 75

180 531 327 584 Haec
364 531 510 583 uidet
546 530 831 600 Inarimen,
868 531 1015 583 illinc
1053 530 1321 599 Prochyta
1358 549 1545 599 aspera
1581 535 1756 599 paret3

182 605 431 674 Armiger
467 604 570 656 hac
607 605 792 672 magni
830 607 979 672 patet
1015 603 1280 672 HectoriS,
1318 604 1442 657 inde
1480 605 1778 674 malignum

181 678 324 730 Aera
362 677 589 745 respirat
626 677 818 746 pelago
859 677 1164 729 circumflua
1201 675 1383 745 Nesis3

181 751 312 803 Inde
350 751 502 820 uagis
542 767 698 802 omen
737 750 863 802 felix
901 749 1144 818 Euploea
1181 750 1376 802 carinis

183 823 431 892 Quaeque
469 823 593 875 ferit
631 840 821 875 curuos
862 827 1042 875 exerta
1079 823 1314 893 Megalia
1352 823 1558 891 fluctuS,
1884 835 1942 875 80

181 897 416 966 Angitur
451 896 554 948 hac
593 896 808 949 domino
849 899 1036 949 contra
1073 897 1358 949 recubante
1401 897 1692 964 proculque

185 969 499 1023 Surrentina
535 973 657 1021 tuus
699 972 906 1037 spectat
943 970 1214 1038 praetoria
1251 969 1456 1021 Limon.

182 1042 284 1095 Illa
322 1046 502 1095 tamen
541 1043 747 1095 cunctis
785 1043 971 1110 procul
1010 1043 1208 1094 eminet
1244 1060 1351 1094 una
1390 1041 1602 1105 diaetis,

184 1116 331 1178 Quae
370 1116 469 1168 tibi
507 1115 886 1184 Parthenopen
923 1116 1132 1168 derecto
1171 1115 1342 1167 limite
1379 1115 1533 1183 ponti

182 1189 408 1258 Ingerit:
446 1189 535 1240 hic
574 1188 728 1241 Grais
767 1189 979 1257 penitus
1019 1189 1230 1241 desecta
1272 1188 1503 1240 metallis
1885 1198 1942 1239 85

186 1262 347 1330 Saxa3
389 1261 530 1331 quod
567 1261 712 1314 ane
752 1262 1017 1330 respergit
1053 1279 1192 1313 uena
1232 1259 1446 1330 SyeneS,

186 1335 435 1404 Synnade
475 1334 614 1403 quod
654 1336 859 1387 maesta
897 1334 1163 1404 Phrygiae
1201 1334 1381 1398 fodere
1421 1350 1628 1387 secures

183 1409 287 1460 Per
326 1406 553 1475 Cybeles
591 1408 823 1476 lugentis
863 1424 1037 1476 agrOS‚
1075 1407 1167 1459 ubi
1205 1424 1467 1459 marmore
1506 1406 1650 1474 picto

186 1480 427 1534 Candida
463 1498 731 1549 purpureo
772 1480 1116 1549 distinguitur
1155 1498 1280 1532 area
1319 1496 1478 1549 gyr03

184 1554 286 1607 Hic
327 1557 380 1606 et
417 1553 696 1622 Amyclaei
736 1571 944 1605 caesum
988 1554 1051 1605 de
1094 1556 1276 1606 monte
1315 1552 1548 1621 Lycurgi
1887 1565 1944 1604 90

187 1628 338 1689 Quod
377 1627 516 1678 uiret
555 1629 609 1678 et
645 1627 835 1679 molles
874 1627 1119 1678 imitatur
1155 1626 1376 1694 rupibus
1412 1626 1621 1692 herbaS,

184 1700 289 1753 Hic
328 1699 632 1752 Nomadum
669 1701 848 1767 lucent
885 1699 1139 1751 flauentia
1178 1717 1306 1752 saxa
1344 1698 1656 1767 Thasosque

184 1774 258 1826 Et
296 1772 460 1826 Chios
500 1776 552 1824 et
591 1773 828 1842 gaudens
867 1772 1058 1825 fluctus
1098 1789 1323 1840 aequare
1362 1770 1640 1840 Carystos:

158 1847 378 1900 'Omnia
417 1844 747 1899 Chalcidicas
784 1848 958 1897 turres
998 1845 1226 1897 obuersa
1265 1845 1518 1896 salutant.

185 1919 361 1973 Macte
386 1919 562 1971 animo
589 1919 731 1988 quod
754 1917 917 1970 Graia
940 1918 1150 1987 probas,
1189 1917 1329 1987 quod
1353 1917 1516 1970 Graia
1539 1917 1848 1986 frequentas
1887 1928 1943 1969 95

185 1993 355 2060 Arua3
395 2009 492 2044 nec
531 1991 809 2043 inuideant
847 2009 980 2060 quae
1019 1994 1073 2043 te
1114 2008 1342 2060 genuere
1380 1990 1632 2043 Dicarchi

186 2066 423 2120 Moenia!
463 2083 560 2117 nos
601 2065 757 2117 docto
795 2065 985 2116 melius
1024 2065 1292 2132 potiemur
1331 2064 1561 2116 alumno,

187 2139 324 2202 Quid
361 2156 502 2191 nunc
539 2138 678 2190 ruris
719 2156 847 2206 opes
885 2140 1155 2207 pontoque
1193 2137 1412 2191 noualia
1451 2137 1622 2190 dicam

184 2212 388 2265 Iniecta
426 2214 480 2263 et
517 2211 755 2263 madidas
793 2210 1037 2264 Baccheo
1074 2213 1287 2263 nectare
1325 2210 1521 2278 rupes?

187 2286 355 2354 Saepe
394 2302 489 2353 per
526 2287 839 2336 autumnum
876 2284 983 2336 iam
1021 2284 1343 2352 pubescente
1382 2283 1561 2352 Lyaeo
1860 2294 1944 2334 100

187 2357 512 2413 Conscendit
550 2358 798 2425 scopulos
837 2357 1116 2426 noctisque
1155 2357 1365 2410 occulta
1399 2357 1498 2409 sub
1536 2356 1725 2408 umbra

305 2595 360 2635 78
393 2587 536 2633 nessis
567 2592 604 2630 A
636 2593 664 2630 c
698 2591 713 2644 ΙΙ
752 2594 805 2632 79
838 2589 1045 2646 Euploea
1075 2588 1234 2634 Dom.:
1266 2588 1441 2632 euboea
1470 2591 1508 2630 A
1539 2592 1567 2629 Ο
1590 2589 1604 2643 ΙΙ
1640 2591 1693 2631 81
1727 2588 1815 2632 hac
1846 2600 1946 2645 eqo:

187 2651 235 2695 et
265 2655 294 2692 c
325 2664 352 2691 a
388 2647 498 2691 hinc
538 2647 733 2701 Markl.,
771 2649 851 2703 qui
881 2652 922 2691 et
950 2648 1112 2704 procul
1144 2646 1223 2703 qui
1266 2647 1284 2703 ss
1326 2649 1382 2690 82
1414 2646 1579 2691 Limon
1609 2646 1767 2690 Dom:
1804 2646 1947 2691 limen

186 2708 263 2751 A*
283 2712 310 2752 ς
342 2707 501 2751 limam
542 2707 615 2749 uel
651 2706 796 2749 liman
835 2710 863 2748 c
900 2707 916 2762 ss
954 2711 1008 2750 83
1050 2706 1137 2750 Illa
1165 2706 1350 2762 scripsi:
1380 2704 1483 2749 Una
1514 2709 1542 2747 G
1574 2720 1601 2747 a
1639 2705 1760 2749 Ante
1789 2706 1948 2749 tamen

188 2767 377 2811 cunctas
411 2765 582 2809 Markl.
619 2765 635 2820 ΙΙ
674 2768 728 2809 85
770 2765 950 2809 delecta
982 2770 1009 2806 c
1041 2780 1082 2818 a,
1114 2777 1226 2808 corr.
1259 2764 1496 2808 Auantius
1533 2765 1549 2820 ss
1587 2767 1643 2808 86
1675 2768 1717 2808 et
1746 2769 1800 2809 87
1834 2766 1948 2820 quot

188 2831 215 2868 c
248 2841 286 2881 a,
321 2838 433 2868 corr.
469 2827 498 2867 ς
530 2826 546 2880 ΙΙ
576 2828 632 2867 93
664 2837 861 2878 aequare
901 2824 993 2876 (uel
1023 2823 1166 2867 fluctu
1197 2823 1390 2879 certare)
1423 2822 1700 2867 Salmasius:
1739 2825 1946 2879 spectare

188 2889 215 2926 G
247 2897 275 2927 a
297 2886 313 2940 ss
336 2887 390 2927 95
424 2884 558 2939 grata
589 2907 642 2914 —
675 2883 811 2938 grata
841 2886 869 2923 c
900 2897 940 2938 a,
973 2895 1085 2926 corr.
1119 2882 1368 2927 Geuartius
