2014 3164
192 221 261 274 58
807 223 858 266 P.
889 222 1120 267 PAPINII
1151 221 1353 268 STATII

190 340 324 410 Igne
365 342 517 410 oculi,
557 341 730 410 qualis
768 341 905 394 liber
941 342 1048 394 iam
1088 342 1292 394 casside
1330 341 1476 393 uisus

190 413 627 482 Parthenopaeus
666 416 801 483 erat3
843 415 1171 483 simplexque
1208 414 1429 466 horrore
1468 413 1657 467 decoro

192 485 384 555 Crinis,
423 491 477 539 et
515 487 764 539 obsessae
801 487 1040 539 nondum
1077 487 1354 555 primoque
1392 486 1651 539 micantes

189 559 346 612 Flore
384 577 576 628 genae:
614 560 779 612 talem
807 559 1016 613 Ledaeo
1056 560 1268 628 gurgite
1289 559 1501 628 'pubem
1895 571 1952 611 45

189 632 401 684 Educat
436 632 684 700 EurotaS‚
722 633 894 685 teneri
933 634 1007 685 sic
1045 634 1254 702 integer
1292 632 1411 684 aeui

188 705 318 757 Elin
358 705 470 757 adit
506 706 811 774 primosque
850 706 968 758 Ioui
1004 723 1136 774 puer
1175 706 1440 774 approbat
1477 723 1658 758 annos,

189 777 332 829 Nam
369 778 541 846 pudor
578 779 838 832 innocuae
877 779 1071 831 mentis
1108 779 1506 848 tranquillaque
1545 796 1755 831 morum

189 850 495 919 Temperies
532 853 821 920 teneroque
861 852 1070 904 animus
1109 852 1372 904 maturior
1407 869 1563 919 aeu0‚

189 923 437 976 Carmine
476 943 580 993 quo
619 928 751 977 nota
788 943 902 977 esse
942 925 1179 994 queant?
1229 942 1387 993 saepe
1424 924 1515 976 ille
1553 924 1819 977 dolentem
1897 936 1953 977 50

189 996 503 1065 Castigabat
541 1015 688 1049 erum
729 998 1011 1067 studioque
1042 998 1279 1067 ¹altisque
1318 998 1540 1050 iuuabat

190 1068 466 1135 Consiliis3
505 1073 683 1123 tecum
722 1071 997 1139 tristisque
1035 1071 1327 1139 hilarisque
1363 1088 1462 1122 nec
1499 1088 1753 1139 umquam

188 1142 284 1195 Ille
325 1162 450 1195 suus
489 1145 802 1211 uultumque
839 1147 933 1196 tuo
974 1144 1219 1195 sumebat
1255 1144 1323 1196 ab
1363 1161 1468 1196 ore.

187 1215 397 1285 Dignus
437 1219 491 1268 et
527 1216 887 1268 Haemonium
924 1221 972 1268 et
1007 1215 1243 1284 Pyladen
1279 1216 1593 1284 praecedere
1631 1217 1777 1269 fama

189 1287 609 1358 Cecropiamque
646 1289 819 1342 fidem.
897 1289 989 1341 sed
1026 1289 1244 1341 laudum
1280 1290 1541 1342 terminus
1579 1291 1708 1358 esto,
1897 1302 1952 1343 55

189 1361 357 1422 Quem
394 1363 613 1414 fortuna
652 1362 802 1414 sinit:
841 1380 952 1415 non
989 1365 1166 1415 mente
1204 1362 1414 1416 fidelior
1452 1380 1614 1432 aegra

189 1434 437 1503 Sperauit
473 1435 615 1486 tardi
651 1435 852 1487 reditus
891 1435 1162 1488 Eumaeus
1199 1434 1386 1488 Ulixis,

187 1507 318 1569 Quis
358 1509 486 1560 deus
527 1511 620 1560 aut
658 1509 906 1577 quisnam
943 1512 1057 1560 tam
1094 1509 1271 1561 tristia
1309 1509 1531 1561 uulnera
1568 1526 1722 1561 casus

186 1581 395 1650 Eligit?
434 1582 574 1633 unde
613 1599 805 1633 manus
844 1582 972 1634 fatis
1010 1585 1123 1634 tam
1163 1585 1308 1634 certa
1336 1582 1598 1635 nocendi?

186 1654 231 1707 O
273 1672 434 1722 quam
473 1655 674 1706 diuitiis
706 1672 972 1723 censuque
1012 1658 1200 1707 exutus
1240 1655 1419 1724 opimo
1897 1668 1952 1708 60

185 1726 414 1795 Fortior,
453 1726 606 1794 Urse‚
643 1728 811 1780 fores!
854 1729 900 1780 si
937 1728 1023 1779 uel
1059 1728 1302 1780 fumante
1340 1729 1496 1781 ruina
1606 1722 1616 1739 ‘

185 1799 518 1868 Raptassent
557 1800 694 1852 dites
733 1799 973 1853 Uesuina
1010 1800 1255 1853 incendia
1291 1799 1487 1854 Locros

185 1871 292 1926 Seu
330 1872 662 1926 Pollentinos
700 1874 1014 1926 mersissent
1049 1874 1272 1926 flumina
1310 1875 1478 1927 saltus

188 1945 293 1999 Seu
330 1945 577 1999 Lucanus
616 1945 746 1998 Acir
783 1964 876 1998 seu
915 1946 1202 2016 Thybridis
1240 1947 1471 2015 impetus
1511 1948 1648 2000 altas

183 2019 250 2071 In
289 2019 532 2071 dextrum
569 2019 817 2072 torsisset
855 2038 1035 2088 aquaS,
1072 2024 1313 2088 paterere
1352 2039 1541 2073 serena
1895 2033 1950 2074 65

184 2091 386 2144 Fronte
425 2092 573 2159 deos3
622 2093 735 2144 siue
775 2094 916 2145 alma
953 2093 1112 2145 fidem
1148 2094 1441 2163 messisque
1478 2097 1731 2162 negasset

185 2164 448 2234 Cretaque
489 2164 798 2234 Cyreneque
838 2169 894 2217 et
932 2184 1037 2235 qua
1074 2166 1176 2218 tibi
1215 2184 1438 2235 cumque
1475 2167 1634 2219 beato

184 2237 362 2307 Larga
398 2238 537 2290 redit
573 2239 790 2291 fortuna
830 2239 964 2291 sinu.
1041 2240 1132 2291 sed
1170 2256 1339 2308 gnara
1376 2240 1620 2293 dolorum

183 2311 397 2363 Inuidia
434 2311 622 2363 infelix
661 2311 825 2363 animi
862 2311 1052 2364 uitalia
1089 2312 1226 2364 uidit
1264 2331 1271 2334 ·

303 2562 358 2601 42
398 2557 518 2601 liber
554 2559 740 2613 scripsi:
778 2558 913 2602 bellis
946 2564 974 2601 0
1005 2575 1033 2602 a
1066 2561 1072 2614 1
1106 2559 1234 2604 uisus
1265 2562 1316 2603 3:
1348 2558 1451 2602 uisu
1483 2565 1512 2603 c
1542 2574 1570 2601 a
1599 2559 1743 2603 missa
1771 2560 1904 2604 Dom.
1936 2559 1952 2618 ΙΙ

181 2620 241 2659 43
273 2629 425 2660 errore
465 2620 494 2659 ς
534 2616 813 2660 Schraderus
850 2619 866 2672 ΙΙ
900 2623 957 2662 48
994 2618 1220 2662 innocuae
1256 2618 1422 2673 scripsi
1430 2634 1443 2659 .-
1485 2618 1607 2661 unde
1645 2620 1783 2662 notae
1820 2617 1892 2661 A*
1923 2623 1951 2660 c

183 2675 412 2730 ingenuae
443 2674 666 2719 Heinsius
688 2677 703 2731 ΙΙ
728 2680 783 2719 50
815 2677 927 2719 nota
965 2690 1063 2720 esse
1103 2674 1279 2731 queant'
1317 2676 1515 2719 Markl.:
1558 2678 1746 2732 potasse
1784 2690 1952 2732 queam

183 2737 222 2775 A
240 2738 268 2774 c
300 2734 494 2777 donasse
526 2747 694 2788 queam
717 2734 850 2777 Dom.
883 2735 1066 2779 dotasse
1096 2735 1319 2778 Heinsius
1346 2739 1352 2786 Ι
1386 2734 1620 2778 dolentem
1652 2735 1951 2791 Maduiyius:

184 2792 420 2836 uolentem
451 2796 480 2834 0
511 2806 539 2833 a
559 2793 575 2848 ΙΙ
599 2796 655 2836 54
680 2793 728 2836 et
758 2793 942 2836 addidi:
973 2806 1055 2837 om.
1089 2798 1117 2835 c
1141 2808 1170 2836 a
1198 2793 1398 2837 Aonium
1420 2792 1631 2849 Pyladen
1657 2793 1830 2837 Markl.
1855 2796 1871 2849 ΙΙ
1895 2798 1950 2838 58

184 2863 318 2893 casus
348 2850 505 2893 Domi:
544 2863 706 2894 causas
737 2850 807 2893 A*
839 2855 868 2892 c
890 2852 906 2907 ΙΙ
930 2856 984 2895 62
1016 2852 1294 2896 Ructassent
1322 2854 1361 2893 Δ
1391 2855 1433 2906 0,
1481 2863 1594 2895 corr.
1630 2852 1908 2908 Maduiyius
1936 2852 1952 2910 Η

186 2913 243 2952 64
272 2908 381 2952 Acir
410 2909 550 2952 idem:
580 2922 693 2965 ager
723 2913 752 2951 c
783 2923 812 2951 a
