2014 3164
726 176 1035 223 SILUARUM
1065 176 1116 221 L.
1149 176 1203 232 V,
1237 181 1277 221 1.
1778 176 1878 229 131

113 297 407 352 Florebant
441 296 639 351 hilares
677 296 1083 367 inconcussique
1124 299 1369 365 penates:

113 370 208 425 Nil
246 374 524 425 maestum.
579 370 705 440 quid
745 370 904 439 enim,
943 370 1188 440 quamuis
1226 369 1389 423 infida
1427 369 1682 440 leuisque,

59 485 64 507 ÷
114 442 340 500 Caesare
376 447 492 498 tam
531 443 717 497 dextro
756 445 942 512 posset
977 441 1216 496 Fortuna
1253 443 1468 496 timeri?

60 522 65 526 ’
112 516 372 571 Inuenere
408 517 553 572 uiam
590 516 816 571 liuentia
853 516 981 586 fata,
1019 515 1270 586 piumque
1798 530 1881 569 145

58 611 62 620 ·
113 589 346 644 Intrauit
381 590 464 646 uis
504 608 666 645 saeua
702 590 885 644 larem.
946 590 1021 642 sic
1058 590 1215 658 plena
1251 590 1490 661 maligno

113 662 384 718 Afflantur
419 664 602 718 uineta
639 666 790 733 not0‚
830 664 905 717 sic
945 663 1057 716 alta
1096 663 1324 716 senescit

112 735 289 792 Imbre
329 755 481 809 seges
519 737 708 805 nimio,
748 736 1002 807 grauidae
1043 736 1119 790 sic
1157 736 1318 790 obuia
1356 736 1521 806 puppi

111 809 326 865 Inuidet
364 814 419 865 et
454 810 589 865 uelis
630 810 909 863 adnubilat
947 828 1076 863 aura
1115 809 1373 863 secundis.

115 882 365 955 Carpitur
402 883 652 942 eximium
689 883 805 937 fato
845 882 1090 936 Priscilla
1128 883 1393 951 decorem3
1799 896 1883 937 150

65 1001 67 1005 .
115 957 354 1022 Qualiter
391 958 505 1012 alta
542 974 750 1011 comam
791 956 1048 1011 siluarum
1087 956 1259 1027 gloria
1296 957 1455 1026 pinus

115 1029 220 1086 Seu
257 1029 402 1086 Iouis
440 1031 566 1101 igne
604 1030 748 1084 malo
790 1047 882 1084 seu
920 1030 1026 1084 iam
1066 1030 1240 1084 radice
1280 1030 1457 1083 soluta

113 1104 308 1159 Deficit
345 1107 400 1158 et
435 1104 571 1158 nulli
611 1103 844 1173 spoliata
882 1107 1236 1156 remurmurat
1274 1121 1448 1157 aurae.

116 1177 255 1242 Quid
292 1177 535 1249 probitas
575 1180 670 1231 aut
707 1179 858 1231 casta
894 1177 1039 1245 fides,
1078 1177 1202 1247 quid
1242 1177 1466 1230 numina
1502 1179 1729 1246 prosunt

115 1250 274 1307 Culta
311 1250 503 1305 deum?
566 1250 752 1304 furuae
791 1250 1042 1303 miseram
1081 1250 1279 1303 circum
1318 1250 1551 1320 undique
1589 1250 1684 1303 leti
1800 1265 1883 1304 155

113 1323 398 1379 Uallauere
435 1325 642 1395 plagae,
678 1326 974 1377 tenuantur
1012 1324 1145 1377 dura
1183 1342 1425 1377 sororum

11 1410 13 1423 ¹
66 1398 69 1402 ’
114 1398 263 1453 Licia
300 1401 354 1452 et
392 1398 563 1452 exacti
603 1400 847 1468 superest
883 1415 1009 1466 pars
1048 1397 1238 1450 ultima
1275 1398 1366 1451 fili.

114 1471 207 1526 Nil
244 1471 431 1526 famuli
470 1473 666 1540 coetuS,
703 1471 781 1523 nil
820 1489 906 1524 ars
947 1488 1173 1539 operosa
1210 1470 1514 1524 medentum

115 1545 389 1600 Auxiliata
425 1544 607 1614 malis3
647 1545 868 1598 comites
907 1547 1090 1597 tamen
1128 1543 1360 1614 undique
1399 1544 1522 1597 ficto

117 1618 276 1690 Spem
315 1618 572 1672 simulant
609 1619 778 1687 uultu,
813 1617 1028 1671 flentem
1067 1620 1221 1670 notat
1258 1618 1352 1670 illa
1389 1617 1655 1670 maritum.
1801 1631 1886 1671 160

62 1734 64 1738 y
115 1692 215 1746 Ille
253 1691 411 1746 modo
448 1691 690 1745 infernae
728 1691 1082 1761 nequicquam
1119 1690 1338 1743 flumina
1375 1690 1571 1744 Lethes

116 1766 435 1835 Incorrupta
472 1767 650 1835 rogat,
688 1782 831 1819 nunc
870 1764 1059 1817 anxius
1099 1764 1347 1817 omnibus
1387 1764 1494 1817 aris

115 1838 426 1894 Inlacrimat
464 1838 748 1908 signatque
785 1837 927 1890 fores
968 1840 1022 1890 et
1059 1840 1273 1906 pectore
1310 1840 1488 1907 terget

0 1969 1 1976 χ
70 1960 71 1963 ,
116 1911 351 1981 Limina3
386 1928 529 1966 nunc
567 1911 749 1981 magni
786 1913 944 1964 uocat
983 1910 1251 1964 exorabile
1289 1928 1487 1964 numen

119 1983 382 2040 Caesaris.
440 1984 548 2039 heu
584 1984 748 2038 durus
786 1984 886 2037 fati
922 1985 1100 2038 tenor!
1162 1987 1312 2037 estne
1352 1984 1492 2054 quod
1532 1983 1612 2038 illi
1802 1998 1885 2039 165

117 2059 243 2115 Νο11
280 2057 477 2113 liceat‘?
516 2060 747 2128 quantae
785 2060 1039 2127 poterant
1076 2058 1393 2111 mortalibus
1433 2058 1590 2111 annis

67 2172 69 2180 .
100 2132 420 2186 -Αοοθεείεειθ
458 2149 656 2201 morae,
695 2131 741 2184 si
778 2134 853 2199 tu,
891 2133 1059 2200 pater,
1097 2149 1254 2184 omne
1293 2135 1501 2184 teneres

119 2203 453 2260 Arbitrium?
494 2222 651 2258 caeco
691 2206 928 2274 gemeret
966 2222 1110 2257 mors
1149 2204 1299 2258 clusa
1336 2204 1610 2274 barathro,

59 2293 62 2299 “
118 2278 358 2350 Longius
396 2280 451 2331 et
485 2295 686 2332 uacuae
723 2277 1028 2347 posuissent
1065 2278 1295 2331 stamina
1331 2277 1547 2331 Parcae.

117 2357 336 2423 Iamque
375 2351 574 2405 cadunt
609 2351 791 2405 uultus
831 2351 1101 2420 oculisque
1138 2351 1463 2405 nouissimus
1502 2368 1650 2405 error
1802 2366 1886 2407 170

120 2425 495 2496 Optunsaeque
535 2442 704 2493 aures,
741 2424 848 2477 nisi
887 2442 1007 2477 cum
1045 2441 1150 2477 uox
1190 2425 1305 2478 sola
1343 2425 1525 2477 mariti

118 2498 393 2567 Noscitur3
430 2498 582 2551 illum
618 2517 785 2550 unum
824 2497 999 2550 media
1038 2497 1101 2550 de
1139 2501 1309 2551 morte
1347 2516 1590 2551 reuersae

240 2718 324 2761 148
354 2714 575 2782 grauidae
603 2716 770 2772 scripsi
791 2716 820 2762 l.
853 2715 880 2759 l.
910 2728 958 2771 p.
990 2719 1107 2760 261.-
1137 2714 1328 2772 rapidae
1359 2721 1388 2759 c
1419 2732 1447 2760 a
1476 2718 1492 2773 ΙΙ
1528 2721 1611 2761 149
1643 2715 1886 2762 obnubilat

120 2774 194 2820 uel
223 2772 444 2820 obsibssat
460 2774 633 2819 Markl.
657 2775 673 2831 ΙΙ
698 2779 780 2818 156
811 2773 1244 2823 ἱΘῑιῠειῑιίιυτχΒωηΑ
1272 2776 1529 2820 tenduntur
1559 2780 1588 2817 0
1613 2790 1662 2828 a;
1698 2790 1763 2819 an
1791 2777 1884 2820 tar-

120 2831 288 2878 dantur
317 2831 343 2877 ?
365 2833 383 2890 ΙΙ
405 2837 491 2878 160
519 2833 626 2887 fort.
657 2834 792 2878 notat
820 2845 914 2876 una
935 2834 951 2889 ΙΙ
977 2837 1058 2877 161
1091 2833 1283 2878 numina
1312 2834 1483 2879 Lethes
1511 2834 1771 2890 Heinsiusu
1800 2840 1878 2878 171

66 2927 69 2932 .
119 2891 253 2937 malis
275 2890 365 2936 nisi
394 2891 519 2948 quod
541 2892 556 2948 ΙΙ
581 2896 664 2936 172
696 2905 883 2937 reuersa
913 2895 942 2933 c
973 2906 1014 2949 a,
1046 2903 1160 2938 corr.
1191 2892 1415 2938 Heinsius

1469 2966 1530 3010 9*
