2014 3164
774 246 1083 295 slmffltm
1114 249 1167 295 L.
1199 249 1255 308 v,
1287 254 1331 295 s.
1824 251 1929 305 155

163 367 283 425 Hoc
321 385 528 439 quoque
567 367 693 422 dum
730 367 883 433 nitor,
920 369 1004 421 ter
1041 367 1178 421 dena
1216 369 1332 423 luce
1370 372 1590 439 peracta

162 440 403 497 Acclinis
440 441 663 496 tumulis
690 440 946 509 planctus
984 441 1042 494 in
1073 442 1315 496 carmina
1344 447 1497 498 uerto
1873 458 1928 498 25

162 513 552 585 Discordesque
592 515 767 569 modos
802 519 851 569 et
887 513 1244 586 singultantia
1282 516 1459 570 uerba.

161 585 357 642 Molior
395 605 519 643 orsa
555 587 678 658 lyra
715 588 948 658 funesta,
987 590 1145 658 atque
1184 589 1265 642 ira
1302 589 1515 643 tacendi

160 658 470 732 Impatiens.
546 661 638 715 sed
677 679 775 715 nec
814 661 1003 715 solitae
1041 661 1173 715 mihi
1211 663 1410 716 uertice
1449 663 1632 718 laurus

159 732 275 789 Nec
312 734 483 789 fronti
521 735 750 789 uittatur
786 735 973 790 honos.
1049 752 1116 788 en
1154 738 1313 788 taxea
1350 740 1554 791 marcet

161 804 313 863 Silua
351 808 532 878 comis,
571 808 873 879 hilaresque
911 808 1134 862 hederas
1172 810 1386 878 plorata
1423 827 1706 880 cupressus
1875 825 1931 864 30

157 878 410 936 Excludit
445 882 634 951 ramis3
673 899 772 935 nec
811 882 1013 935 eburno
1045 882 1237 952 pollice
1276 882 1500 937 chordas

157 951 339 1024 Pulso,
377 954 470 1008 sed
507 955 817 1010 inmeritam
856 955 1038 1026 digitis
1077 956 1381 1009 errantibus
1423 974 1610 1011 amens

159 1025 353 1083 Scindo
392 1027 599 1098 chelyn.
674 1029 828 1083 iuuat
863 1029 990 1106 heu²
1029 1029 1181 1083 iuuat
1218 1030 1542 1083 inlaudabile
1582 1048 1796 1084 carmen

158 1098 404 1156 Fundere
443 1104 498 1156 et
535 1102 806 1172 incompte
845 1102 1098 1156 miserum
1137 1103 1340 1156 nudare
1379 1103 1632 1158 dolorem.

159 1171 247 1231 Sic
283 1174 462 1230 meriti
501 1175 576 1229 sic
613 1193 700 1230 me
739 1179 1002 1246 cantuque
1041 1176 1334 1246 habituque
1372 1177 1646 1231 nefastum
1871 1189 1928 1232 86

157 1247 443 1319 Aspiciant
481 1249 675 1319 superi.
750 1249 949 1318 pudeat
987 1249 1304 1319 Thebasque
1344 1268 1650 1321 nouumque

156 1321 450 1376 Aeaciden:
488 1322 566 1375 nil
603 1322 711 1375 iam
750 1322 1017 1391 placidum
1058 1323 1300 1376 manabit
1338 1324 1406 1377 ab
1446 1341 1551 1377 ore.

157 1393 258 1450 Ille
297 1412 398 1467 ego
437 1395 528 1466 qui
566 1394 892 1468 (quotiensl)
932 1396 1125 1450 blande
1165 1400 1501 1467 matrumque
1540 1400 1859 1469 patrumque

157 1465 411 1539 Uulnera,
449 1469 539 1539 qui
578 1468 768 1524 uiduos
806 1470 958 1538 potui
996 1470 1226 1523 mulcere
1266 1470 1498 1539 dolores3

155 1539 252 1597 Ille
293 1558 392 1613 ego
431 1542 711 1612 lugentum
749 1543 896 1596 mitis
937 1544 1155 1612 solator,
1195 1544 1399 1597 acerbis
1869 1559 1927 1600 40

157 1614 388 1670 Auditus
426 1616 647 1669 tumulis
686 1618 742 1669 et
780 1616 1220 1671 descendentibus
1261 1617 1483 1687 umbris,

161 1685 362 1743 Deficio
401 1689 738 1760 medieasque
778 1708 967 1743 manus
1006 1691 1349 1760 fomentaque
1389 1708 1586 1760 quaero

155 1759 500 1832 Uulneribus,
539 1763 633 1816 sed
672 1780 895 1833 summa,
934 1764 1081 1817 meis.
1157 1781 1301 1817 nunc
1340 1767 1565 1834 tempus,
1605 1766 1779 1835 amici,

156 1834 397 1899 Quorum
435 1851 535 1906 ego
575 1840 859 1890 manantes
900 1838 1085 1890 oculos
1126 1839 1181 1889 et
1224 1838 1406 1891 saucia
1442 1838 1573 1891 tersi

273 2111 336 2158 ad
371 2125 450 2156 uu.
490 2116 664 2157 24—27
704 2115 742 2155 A
781 2113 994 2157 adnotat:
1031 2113 1184 2157 textus
1224 2113 1519 2168 ht(==habet)
1559 2114 1801 2159 intercisos
1839 2116 1923 2160 hos

154 2182 314 2216 uersus
337 2171 354 2228 ΙΙ
377 2174 434 2215 24
472 2170 583 2215 dum
620 2170 744 2215 nitor
780 2170 1065 2216 Gronouius:
1106 2184 1212 2215 eum
1241 2171 1290 2215 in
1423 2177 1452 2214 c
1485 2187 1512 2215 ι
1533 2174 1549 2229 ΙΙ
1573 2177 1628 2217 25
1661 2173 1863 2218 Accliuis
1895 2178 1923 2216 c

154 2242 184 2273 n.
209 2231 216 2284 Ι
241 2228 433 2275 tumulis
470 2229 685 2287 planctus
722 2229 886 2286 swipsi
924 2229 951 2274 l.
992 2229 1020 2273 l.
1094 2265 1103 2275 .
1147 2233 1264 2275 251:
1306 2231 1457 2275 tumul
1592 2234 1726 2276 uetus
1757 2231 1820 2275 A*
1852 2235 1923 2277 tu-

154 2287 253 2333 mul
277 2322 287 2333 .
314 2321 324 2333 .
352 2322 362 2333 .
400 2289 534 2333 uetus
571 2288 644 2333 uel
679 2289 814 2333 nctus
854 2291 883 2330 0
921 2290 1023 2331 tum
1078 2301 1103 2331 ο
1141 2287 1294 2332 luctus
1332 2304 1380 2343 ις
1421 2294 1611 2335 ceterum
1643 2305 1672 2334 a
1701 2292 1925 2335 sententia

153 2346 450 2404 transpositio
479 2346 588 2392 haec
616 2346 666 2391 in
695 2347 907 2403 planctus
932 2346 1136 2390 carmina
1158 2348 1399 2403 llaqitatur
1421 2349 1437 2405 ΙΙ
1462 2353 1517 2393 26
1543 2348 1704 2394 modos
1734 2351 1782 2393 et
1805 2350 1921 2407 sing.

153 2404 276 2452 odda
305 2404 356 2451 in
387 2439 544 2452 ......
578 2405 694 2463 sing.
721 2409 750 2448 0
781 2420 809 2449 a
831 2406 847 2462 ΙΙ
870 2410 924 2450 27
958 2418 1063 2450 orsa
1093 2405 1196 2461 lyra
1224 2405 1409 2452 funesta
1441 2408 1582 2463 atque
1611 2409 1777 2464 scripsi
1807 2409 1836 2454 l.
1869 2410 1923 2453 1..-

153 2477 258 2510 0rss.
286 2463 337 2522 ly
362 2497 373 2509 .
392 2498 431 2510 ..
464 2468 495 2510 ῡ,
526 2465 598 2509 est
628 2465 767 2520 atque
798 2464 858 2507 A*
888 2464 957 2509 ita
986 2467 1039 2507 ut
1069 2464 1221 2509 littera
1250 2466 1391 2510 unica
1422 2470 1527 2510 ante
1553 2469 1583 2510 ii
1608 2480 1733 2511 nunc
1755 2467 1923 2523 dispici

152 2526 515 2640 {W‘igssiss
531 2522 583 2626 ῙΞ
614 2522 1520 2639 11·55⁸¹1⁵nzffiss¹532ffl30⁹5233f²3320⁴m⁰m'¹
1543 2530 1596 2625 ³0¹
1632 2525 1922 2628 mm

151 2639 379 2686 Barths'us
406 2640 634 2686 incertum
668 2641 840 2685 Markl.
880 2642 896 2697 ΙΙ
933 2644 990 2684 34
1021 2639 1195 2685 nudare
1228 2641 1428 2686 Markl.:
1467 2642 1655 2686 laudare
1688 2646 1716 2683 0
1749 2656 1776 2684 a
1812 2643 1828 2698 ΙΙ
1865 2647 1921 2687 36

152 2698 309 2745 meriti
335 2700 523 2756 scripsi:
560 2699 709 2744 merui
747 2703 776 2742 0
808 2714 836 2742 a
864 2700 880 2756 ΙΙ
911 2703 965 2743 37
998 2698 1225 2755 placitum
1258 2700 1433 2746 Markl.
1462 2703 1469 2757 Ι
1496 2700 1705 2744 manabit
1735 2704 1792 2744 A:
1826 2715 1920 2745 ma-

150 2757 299 2804 nabat
327 2761 357 2801 0
447 2762 503 2804 88
541 2757 756 2815 quotiens
795 2757 856 2800 Δ*
888 2761 931 2801 0:
977 2757 1150 2802 totiens
1180 2773 1209 2801 a
1249 2760 1255 2814 Ι
1297 2759 1467 2804 blande
1498 2772 1598 2815 eyo:
1629 2758 1801 2803 blando
1834 2763 1863 2801 c
1895 2774 1923 2802 a

51 2847 53 2850 ι
150 2814 348 2885 blandus
437 2829 520 2862 om.
551 2817 568 2875 ΙΙ
598 2821 654 2861 89
694 2816 858 2861 uiduos
882 2816 1128 2862 Heinsius.-
1162 2816 1296 2862 uiuos
1329 2822 1357 2860 c
1387 2833 1415 2861 a
1436 2820 1452 2875 ΙΙ
1476 2822 1531 2861 42
1557 2816 1754 2862 Deficior
1778 2817 1921 2862 Hein-

149 2887 248 2920 ssus
268 2875 285 2933 ΙΙ
307 2879 363 2920 43
395 2874 476 2920 sed
507 2889 687 2920 summa
718 2879 746 2918 0
779 2890 826 2918 a:
859 2888 977 2931 quae
1010 2889 1191 2920 summa
1215 2879 1266 2930 ‘33
1302 2880 1416 2921 recte
1443 2876 1727 2921 Marklando
1758 2877 1920 2933 epithre-

35 2902 39 2911 ’
69 2948 73 2949 ’
148 2936 231 2980 ton
258 2934 385 2980 uocis
414 2933 621 2980 fomenta
651 2935 789 2979 latere
818 2934 1003 2979 uidetur
