2014 3164
48 118 52 146 ἲ

44 150 71 301 J

44 267 395 421 {Praenateh
433 306 489 356 et
527 304 725 388 subitis
757 303 848 373 qui
885 303 1117 387 perdidit
1154 305 1377 387 inguina
1414 306 1667 388 monstris

4 414 6 419 ·
41 397 52 423 κ
92 374 324 430 Glaucus
355 376 530 430 adhuc
568 379 755 446 patrus
795 380 1045 447 quotiens
1086 377 1341 430 allabltur
1379 397 1487 431 oris

681 182 992 230 smUARUM
1021 185 1072 231 L.
1105 184 1184 242 111,
1217 190 1256 231 2.

57 85 76 126 ‘i

63 135 73 155 υ,

41 447 44 455 v

0 459 2 481 ³
38 435 67 540 ιζ
89 448 359 502 Litoream
399 449 599 503 blanda
637 451 831 504 feriens
869 449 1199 503 Anthedona
1237 451 1421 504 cauda.

40 531 66 593 ’γυ
91 521 174 576 Tu
211 524 394 575 tamen
433 526 558 576 ante
597 540 800 591 omnes,
838 523 963 575 diua
1001 541 1122 576 eum
1161 526 1333 577 matre
1372 523 1680 593 Palaemon,

41 595 46 641 Ῐ
90 595 305 665 Annus,
345 596 390 649 si
427 599 637 650 uestras
677 614 827 650 amor
865 599 948 648 est
984 596 1118 649 mihi
1157 597 1391 666 pandere
1430 597 1659 667 Thebas,

90 666 205 722 Nee
244 686 378 722 cano
417 669 666 739 degeneri
704 669 1014 722 Phoebeum
1054 668 1363 738 Amphiona
1400 671 1621 738 plectro.

0 774 1 778 =
32 759 42 795 .’
87 741 163 795 Et
199 745 368 811 pater,
404 743 594 796 Aeolio
632 742 842 811 frangit
880 743 970 811 qui
1010 760 1220 796 carcere
1259 747 1466 810 uentos,

31 819 63 868 ,3
90 812 190 869 Oui
227 815 366 868 uarii
401 815 559 869 flatus
599 816 878 885 omnisque
917 833 1013 884 per
1051 833 1283 886 aequora
1322 818 1474 885 ponti

30 942 42 951 „
91 885 321 957 Spiritus
361 891 520 958 atque
557 888 763 942 hiemes
802 888 1157 958 nimbosaque
1195 890 1383 943 nubila
1421 894 1627 959 parent,

28 958 59 1034 gl.
91 960 275 1015 Artius
315 961 524 1016 obiecto
562 960 774 1015 Borean
813 961 1125 1031 Eurumque
1165 961 1474 1031 Notumque

26 1016 61 1106 ἕ
87 1033 272 1088 Monte
310 1038 540 1104 premat:
581 1035 681 1099 soli
719 1033 964 1104 Zephyro
1006 1036 1076 1088 sit
1114 1036 1268 1103 copia
1308 1037 1457 1104 caeli,

26 1152 37 1178 4
89 1106 245 1162 Solus
285 1112 415 1178 agat
452 1126 659 1178 puppes
700 1126 1041 1177 summasque
1081 1113 1395 1178 supernatet
1432 1110 1605 1163 undas

25 1184 57 1214 3’
88 1180 351 1235 Assiduus
389 1183 604 1251 pelago;
657 1181 825 1235 donee
862 1185 958 1235 tua
994 1182 1208 1235 turbine
1246 1183 1398 1236 nullo

23 1308 28 1316 ,
87 1253 257 1308 Laesa
293 1254 592 1309 Paretoniis
632 1255 872 1325 assignet
910 1255 1135 1308 carbasa
1173 1255 1339 1324 ripis?

22 1351 59 1400 p
87 1327 365 1396 Audimur.
425 1330 587 1383 uocat
623 1328 738 1397 ipse
776 1331 946 1380 ratem
985 1333 1285 1398 nautasque
1323 1332 1598 1383 morantes

23 1403 49 1463 ’ζ
86 1401 347 1472 Increpat.
408 1418 527 1455 ecoe
565 1419 743 1454 meum
781 1402 970 1454 timido
1009 1402 1117 1454 iam
1156 1403 1358 1471 frigore
1396 1407 1584 1471 pectus

20 1519 45 1530 .
87 1474 312 1529 Labitur
349 1477 404 1528 et
441 1491 663 1544 neque0‚
703 1476 950 1544 quamuis
989 1478 1173 1528 mouet
1211 1475 1407 1528 ominis
1448 1476 1651 1545 horror,

20 1544 47 1591 '³
88 1546 348 1602 Claudere
387 1565 677 1617 suspensos
717 1548 993 1601 oculorum
1033 1549 1090 1600 in
1128 1549 1371 1617 margine
1411 1549 1584 1602 fletus.

24 1629 49 1693 ,ζμ
87 1621 307 1691 lamque
345 1623 517 1674 ratem
555 1622 714 1674 terris
754 1621 941 1674 diuisit
978 1621 1107 1674 fune
1148 1622 1324 1675 soluto

19 1695 34 1733 ¹⁵
86 1694 291 1749 Nauita
329 1697 383 1748 et
422 1697 712 1764 angustum
752 1694 944 1748 deiecit
981 1695 1036 1747 in
1078 1712 1310 1764 aequora
1348 1698 1583 1763 pontem.

20 1766 38 1812 ’ὲ
89 1766 294 1822 Saeuus
334 1770 391 1820 et
428 1785 456 1820 e
495 1768 662 1836 puppi
702 1768 866 1837 longo
906 1768 1138 1820 clamore
1178 1769 1440 1836 magister

86 1840 333 1910 Dissipat
370 1840 648 1909 amplexus
689 1843 849 1910 atque
890 1841 1074 1894 oscula
1112 1841 1219 1893 fida
1258 1842 1491 1911 reuellit,

44 1955 49 1967 .
86 1913 138 1970 N
143 1932 201 1968 ec
238 1915 463 1984 longum
502 1931 626 1966 cara
664 1914 791 1967 licet
828 1914 885 1966 in
923 1915 1129 1968 ceruice
1168 1915 1381 1968 morari.

12 1991 43 2047 Ξ
86 1986 347 2042 Attamen
385 1988 443 2040 in
479 1990 649 2040 terras
689 2005 717 2040 e
755 1987 911 2056 plebe
950 1987 1278 2040 nouissimus
1318 1989 1464 2041 omni

86 2060 185 2116 Ibo
223 2078 323 2114 nec
361 2059 604 2130 egrediar
639 2060 746 2113 nisi
783 2062 890 2113 iam
928 2065 1157 2114 currente
1195 2062 1391 2115 carina.

8 2137 41 2175 Q
89 2133 219 2198 Quis
257 2134 388 2188 rude
426 2134 485 2186 in
524 2134 822 2187 abscissum
860 2134 1068 2187 miseris
1108 2135 1476 2188 animantibus
1516 2153 1716 2205 aequor

86 2207 237 2261 Fecit
271 2208 378 2260 iter
415 2207 722 2276 solidaeque
760 2207 878 2275 pios
917 2208 1124 2260 telluris
1166 2209 1411 2261 alumnos

12 2309 39 2346 μ
86 2281 310 2351 Expulit
346 2281 405 2333 in
441 2280 633 2334 fluetus
672 2281 970 2350 pelagoque
1007 2281 1234 2334 immisit
1270 2281 1444 2334 hianti

11 2358 35 2391 θ
89 2355 284 2408 Audax
321 2353 558 2424 ingenii?
597 2371 694 2407 nec
733 2355 877 2406 enim
915 2355 1199 2407 temeraria
1237 2355 1411 2408 uirtus

9 2427 29 2503 ξ’
86 2427 188 2480 Illa
226 2428 416 2498 magiS‚
456 2445 695 2481 summae
735 2428 972 2497 gelidum
1011 2446 1146 2497 quae
1185 2427 1373 2481 Pelion
1413 2428 1582 2482 Ossae

5 2547 18 2554 ,,
86 2501 270 2554 Iunxit
307 2501 754 2570 anhelantemque
793 2502 932 2570 iugis
971 2502 1056 2554 bis
1095 2503 1293 2570 pressit
1331 2501 1639 2571 Olympum.

1801 184 1869 236 75

1808 976 1865 1017 45

1809 1343 1865 1384 50

1809 1710 1864 1749 55

1808 2078 1863 2117 60

1807 2445 1862 2484 65

10 2733 11 2738 =
203 2709 259 2750 43
298 2705 431 2762 ponti
468 2705 714 2750 Heinsius:
762 2703 924 2748 mundi
957 2709 986 2746 G
1019 2719 1046 2747 a
1075 2705 1092 2760 ΙΙ
1122 2709 1179 2748 44
1211 2707 1355 2761 atque
1387 2710 1438 2750 ςε
1472 2708 1522 2750 at
1552 2711 1581 2748 c
1612 2707 1685 2750 ast
1715 2721 1743 2749 a
1764 2708 1780 2763 ΙΙ
1803 2712 1859 2751 49

0 2788 2 2790 -
86 2763 236 2809 Laesa
266 2764 512 2808 Heinsius:
549 2764 697 2808 Laeta
727 2768 756 2806 c
788 2778 815 2806 a
852 2764 867 2819 ΙΙ
908 2768 960 2806 51
995 2776 1102 2820 ecoe
1133 2767 1171 2806 Δ
1202 2768 1251 2808 c:
1290 2765 1400 2808 inde
1433 2768 1462 2808 ς
1501 2766 1517 2819 ΙΙ
1556 2769 1611 2808 60
1651 2768 1862 2810 currente

0 2839 2 2841 ·
85 2823 164 2867 uir
193 2823 350 2868 doctus
378 2824 652 2879 nescioquis:
682 2836 765 2867 om.
799 2827 827 2864 c
859 2837 887 2865 a
918 2823 1110 2867 cedente
1144 2827 1173 2866 ς
1212 2825 1228 2878 u
1265 2828 1319 2867 61
1353 2823 1402 2867 in
1431 2825 1619 2879 sem'psi:
1651 2825 1699 2868 et
1729 2829 1757 2866 c
1789 2840 1816 2867 a
1852 2826 1856 2883 Ι

10 2897 34 2962 3
86 2881 316 2926 abscisum
349 2885 379 2926 ς
402 2883 418 2939 u
443 2887 496 2927 63
530 2881 681 2926 hianti
713 2886 741 2925 ς
774 2881 1032 2926 Bentleius:
1064 2881 1245 2926 hiantes
1276 2886 1304 2924 c
1337 2897 1364 2924 a

0 2981 34 3164 Ξ.
