2028 3112
686 149 968 196 EDITORIS
1000 149 1356 195 PRAEFATIO.

161 269 382 324 minutis
427 269 535 323 illis
583 287 719 340 quae
770 269 918 323 lusus
964 286 1242 339 nugasque
1288 272 1343 322 et
1387 269 1619 338 ineptias
1657 272 1927 325 uocabant

159 341 443 413 poematiis
480 346 879 411 concesserunt3
925 342 983 395 in
1014 342 1340 395 carminibus
1371 342 1705 413 longioribus
1736 343 1926 398 diurna

159 414 289 469 lima
334 415 673 485 studiumque
718 416 946 469 multum
999 415 1391 484 expectabatur.
1466 433 1594 469 nam
1638 420 1927 487 postquam

157 487 368 542 Ennius
420 488 623 559 primus
686 486 988 542 ‘Musarum
1042 488 1290 557 scopulos
1353 492 1634 557 superarat
1684 494 1739 543 et
1799 492 1927 544 dicti

157 561 431 615 studiosus
471 560 620 631 erat'‚
657 561 765 616 iam
795 561 917 615 inde
949 561 1017 614 ab
1049 562 1141 615 illo
1173 564 1413 630 tempore
1445 563 1617 633 magis
1649 564 1927 634 magisque

157 637 350 704 poetae
388 633 640 701 Romani,
686 635 776 705 qui
823 634 1034 704 quidem
1074 635 1224 687 seriis
1263 635 1591 688 carminibus
1628 637 1927 707 pangendis

54 751 57 757 ,
156 707 418 761 dederunt
456 724 688 778 operam,
738 726 850 762 non
889 708 1180 761 emiserunt
1217 706 1384 761 libros
1423 708 1529 761 nisi
1567 709 1794 763 multum
1835 728 1930 780 per

158 782 370 850 tempus
424 797 545 834 cum
599 798 727 834 cura
771 781 1064 851 perpolitos
1118 781 1494 850 doctrinaeque
1548 783 1927 851 speciminibus

52 878 53 884 ¹
157 852 473 907 adornatos:
512 854 633 923 plus
673 871 759 907 ars
798 854 1017 907 ualebat
1055 871 1215 924 quam
1256 853 1547 924 ingenium.
1623 859 1680 908 at
1710 854 1928 923 Statius,

49 966 52 971 -
158 929 219 980 ut
257 926 324 980 ab
364 926 580 997 ingenio
619 927 881 981 maximus
922 929 1005 981 est
1043 927 1099 981 in
1139 927 1311 995 8111118,
1357 927 1434 980 ita
1473 927 1653 981 deficit
1691 929 1759 981 ab
1799 934 1928 983 arte.

157 1017 285 1053 nam
330 1017 451 1053 cum
489 999 799 1070 plerumque
841 1003 1051 1070 tempus
1091 1000 1465 1054 breuissimum
1504 1001 1571 1053 ad
1610 1002 1929 1071 perficienda

50 1124 55 1132 ‚
157 1073 395 1127 carmina
433 1091 466 1127 a
502 1074 746 1142 patronis
792 1074 938 1127 iussa
976 1074 1024 1127 ei
1064 1076 1391 1143 suppeteret,
1430 1077 1655 1128 naturae
1693 1075 1926 1129 indolem

54 1158 59 1177 ²
158 1149 372 1200 secutus
411 1146 586 1200 minus
619 1146 922 1216 expoliendi
952 1165 1108 1201 curae
1140 1164 1330 1200 uacare
1362 1147 1555 1217 potuit
1609 1148 1730 1201 uide
1762 1167 1927 1218 quan-

156 1219 274 1273 tum
319 1218 535 1273 intersit
578 1219 719 1273 inter
766 1219 1044 1274 Thebaida
1082 1222 1136 1273 et
1182 1221 1371 1274 siluas:
1427 1221 1535 1287 illa,
1584 1224 1643 1274 ut
1688 1225 1770 1275 est
1818 1222 1928 1276 ‘bis

159 1309 316 1346 senos
363 1293 592 1346 multum
638 1292 863 1363 uigilata
909 1311 1004 1362 per
1049 1311 1219 1347 annos
1233 1292 1265 1363 ⁹,
1318 1292 1461 1347 docti
1508 1294 1683 1364 operis
1730 1313 1929 1349 nomen

157 1364 520 1436 honoremque
573 1365 811 1435 affectat3
873 1366 1027 1435 haec,
1088 1370 1148 1420 ut
1197 1384 1260 1420 ex
1299 1366 1498 1420 libellis
1553 1368 1733 1421 subito
1787 1370 1930 1423 natis

159 1441 433 1507 constant,
487 1456 595 1492 uno
649 1439 852 1509 ingenii
904 1440 1063 1493 titulo
1119 1439 1576 1493 commendantur.
1661 1440 1754 1494 sed
1807 1442 1929 1496 uide

159 1510 332 1579 simul,
371 1511 497 1581 quid
536 1514 776 1565 ueterum
807 1511 1063 1565 iudicium
1103 1531 1135 1565 a
1172 1515 1358 1566 nostro
1393 1513 1569 1567 distet.
1634 1532 1754 1567 cum
1786 1517 1930 1569 enim

159 1602 191 1638 a
221 1586 412 1654 poetae
442 1585 773 1653 temporibus
804 1603 899 1654 per
930 1588 1100 1639 totam
1132 1586 1509 1655 antiquitatem
1541 1586 1757 1640 doctam
1789 1588 1928 1642 The·

158 1656 319 1711 baida
373 1657 764 1711 admirarentur
820 1676 1029 1728 unaque
1083 1677 1203 1711 cum
1257 1658 1485 1729 Uergilii
1540 1658 1776 1713 Aeneide
1831 1680 1928 1731 pro

158 1747 360 1785 canone
398 1729 684 1800 haberent,
723 1731 815 1783 sed
854 1731 1013 1784 nauci
1052 1731 1292 1784 facerent
1331 1732 1495 1785 siluas
1535 1732 1673 1786 forte
1713 1733 1929 1788 fortuna

157 1803 217 1857 in
253 1803 410 1857 unico
450 1802 630 1857 codice
669 1806 932 1857 seruatas:
978 1822 1079 1858 nos
1119 1807 1326 1873 contra,
1366 1823 1500 1874 quae
1545 1824 1690 1860 nunc
1728 1811 1811 1860 est
1849 1809 1927 1862 iu-

157 1875 368 1931 dicandi
405 1893 611 1946 norma,
648 1874 757 1930 fere
789 1876 1109 1947 despicimus
1142 1877 1421 1931 Thebaida
1451 1881 1513 1931 ut
1544 1897 1679 1949 opus
1711 1885 1930 1950 propter

0 1973 1 2007 ;
50 1995 53 1998 ⁴
156 1949 330 2020 ipsam
368 1948 669 2004 doctrinam
706 1949 942 2004 ieiunum
989 1950 1432 2021 languidumque,
1479 1952 1571 2005 sed
1618 1953 1928 2009 adamamus

157 2022 323 2077 siluas
362 2022 564 2094 ingenii
602 2023 776 2077 calore
815 2026 870 2077 et
907 2024 1021 2078 sine
1060 2024 1182 2078 fuco
1223 2024 1383 2095 longe
1422 2026 1663 2095 quaesito
1704 2028 1929 2097 scriptas

157 2096 518 2166 uellemusque
564 2096 693 2150 totis
740 2097 883 2150 illius
933 2097 1210 2151 duodecim
1254 2098 1428 2167 libris,
1484 2099 1529 2152 si
1575 2099 1688 2152 fieri
1734 2100 1931 2171 liceret,

157 2169 413 2223 redimere
461 2169 659 2223 alteros
704 2169 893 2223 harum
940 2170 1187 2240 quinque.
1263 2172 1378 2241 ipse
1423 2172 1591 2242 igitur
1636 2173 1767 2226 artis
1809 2174 1930 2228 doc·

0 2226 8 2272 1
49 2283 51 2286 ⁴
156 2243 436 2313 trinaeque
474 2242 533 2296 in
571 2243 721 2296 siluis
755 2243 991 2297 defectus
1024 2244 1296 2314 displicuit
1326 2245 1611 2299 ueteribus.
1663 2265 1929 2317 nusquam

0 2318 1 2324 ’
40 2359 48 2383 η,
158 2318 337 2369 autem
382 2316 554 2386 magis
601 2315 779 2369 iacent
824 2317 947 2370 illae
987 2336 1146 2387 quam
1185 2318 1277 2371 ubi
1318 2316 1398 2388 (in
1437 2321 1927 2388 comparationibus

22 2386 47 2461 ’ζ’
157 2389 409 2460 maxime)
454 2407 538 2443 res
585 2389 981 2460 mythologicae
1029 2391 1383 2461 attinguntur.
1458 2393 1517 2445 in
1561 2394 1779 2462 reliquis
1819 2413 1928 2447 om-

156 2462 315 2516 nibus
355 2462 657 2517 sufficiebat
694 2463 802 2516 fere
841 2464 1119 2534 ingenium
1151 2468 1204 2518 et
1235 2484 1487 2518 uersuum
1517 2467 1927 2536 pangendorum

158 2535 499 2606 experientia,
537 2536 764 2589 uirtutes
805 2535 979 2590 Statio
1019 2538 1173 2607 quasi
1213 2538 1357 2591 domi
1395 2543 1577 2592 natae:
1618 2540 1675 2592 in
1714 2541 1927 2610 mytho-

155 2608 346 2679 logicis
380 2627 515 2678 opus
541 2612 657 2662 erat
679 2609 924 2663 doctrina
948 2614 1001 2663 et
1024 2611 1091 2663 ad
1122 2611 1262 2664 hanc
1293 2613 1709 2681 comparandam
1735 2615 1927 2667 studio,

157 2699 318 2751 quam
370 2682 428 2735 in
481 2700 595 2735 rem
647 2701 768 2736 cum
822 2687 1061 2753 tempore
1109 2684 1421 2738 deficeretur
1467 2704 1692 2755 cumque
1741 2691 1928 2740 contra

155 2755 398 2826 parergis
452 2755 621 2809 doctis
675 2774 787 2810 non
840 2757 1003 2810 uellet
1063 2759 1221 2826 plane
1277 2763 1517 2828 expertes
1572 2777 1687 2812 esse
1740 2778 1927 2814 uersus

24 2846 49 2877 ·.
156 2845 297 2897 81108,
352 2828 419 2881 ab
473 2829 573 2883 hac
625 2833 777 2898 parte
831 2830 1274 2885 inconsideratius
1329 2837 1487 2901 atque
1545 2832 1676 2885 adeo
1729 2835 1926 2887 temere

243 2913 385 2948 sum
409 2914 576 2949 Srnuu.
1536 2918 1566 2961 b
