2014 3164
230 185 301 238 52
846 184 895 229 P.
927 182 1157 228 PAPINII
1188 182 1388 228 STATII

229 303 516 373 Depromit
553 303 809 372 pharetra
846 302 1015 354 telum
1052 302 1229 370 breue,
1269 302 1411 371 quod
1448 321 1620 372 neque
1657 304 1805 357 flexis

230 375 493 430 Cornibus
533 378 626 428 aut
665 375 820 428 solito
858 377 1073 444 torquet
1111 374 1360 439 stridore,
1401 376 1493 428 sed
1531 394 1638 429 una

228 449 427 502 Emisit
465 450 719 501 contenta
756 466 920 500 manu
958 448 1278 516 laeuumque
1318 465 1566 516 soporem

230 521 434 575 Naidos
474 539 664 574 auersa
702 521 870 573 fertur
907 521 1149 590 tetigisse
1190 520 1403 589 sagitta.

229 594 332 647 Illa
371 595 525 646 deam
563 594 764 663 pariter
804 611 1025 662 surgens
1063 593 1380 661 hostemque
1418 597 1728 662 proteruum

228 667 381 720 Uidit
418 670 472 719 et
508 667 565 719 in
601 667 823 735 fontem,
860 669 1045 719 niueos
1082 685 1150 718 ne
1179 666 1439 733 panderet
1477 670 1640 734 artUS,

231 740 318 793 Sic
355 742 472 793 tota
511 758 632 792 cum
669 742 818 792 ueste
856 740 982 806 ruit,
1024 739 1336 807 stagnisque
1375 739 1473 792 sub
1514 740 1639 792 altis

229 813 377 865 Pana
417 813 568 882 sequi
606 813 824 865 credens
864 813 975 865 ima
1011 812 1153 864 latus
1192 812 1417 880 inplicat
1455 813 1594 882 alga.

230 885 368 948 Quid
404 886 607 939 faceret
645 886 823 939 subito
863 885 1111 953 deceptus
1150 885 1386 952 praedo?
1423 903 1520 938 nec
1560 886 1685 938 altis

229 958 455 1012 Credere
495 977 686 1028 corpus
726 959 877 1028 aquis
915 959 1090 1011 hirtae
1129 959 1234 1010 sibi
1273 959 1517 1011 conscius
1557 959 1717 1011 audet

228 1032 389 1085 Pellis
430 1035 484 1084 et
523 1051 555 1085 a
591 1035 775 1085 tenero
814 1032 979 1084 nandi
1018 1030 1187 1083 rudis!
1243 1031 1424 1083 omnia
1463 1035 1698 1101 questUS,

227 1104 497 1157 Immitem
535 1105 735 1173 Brimo,
774 1107 969 1173 stagna
1006 1103 1192 1156 inuida
1230 1106 1285 1156 et
1321 1104 1505 1156 inuida
1540 1105 1664 1172 tela,

228 1178 567 1230 Primaeuam
605 1179 725 1230 uisu
756 1178 1051 1246 platanum,
1089 1177 1175 1229 cui
1211 1177 1376 1246 longa
1413 1195 1653 1247 propago

228 1250 650 1319 Innumeraeque
690 1268 880 1302 manus
920 1253 976 1302 et
1011 1250 1184 1302 iturus
1222 1250 1281 1302 in
1320 1250 1538 1302 aethera
1576 1253 1775 1318 uertex,

231 1324 497 1392 Deposuit
533 1324 684 1376 iuxta
724 1324 1013 1392 uiuamque
1053 1322 1289 1392 adgessit
1325 1323 1583 1375 harenam

230 1397 547 1465 Optatisque
588 1397 828 1465 aspergit
867 1396 1020 1465 aquis
1061 1398 1114 1448 et
1150 1396 1285 1448 talia
1323 1396 1567 1448 mandat:

230 1469 395 1523 ‘Uiue
434 1471 524 1522 diu
561 1470 733 1522 nostri
774 1469 970 1538 pignus
1010 1469 1314 1521 uenerabile
1351 1470 1484 1537 uoti,

229 1542 422 1611 Arbor,
446 1546 516 1599 ,et
552 1543 685 1595 haec
724 1542 884 1594 durae
922 1542 1193 1595 latebrosa
1230 1542 1427 1594 cubilia
1463 1542 1736 1611 nymphae

230 1615 314 1668 Tu
352 1616 543 1668 saltem
581 1616 801 1668 declinis
841 1633 964 1667 ama
1001 1620 1049 1668 et
1083 1633 1265 1683 preme
1302 1615 1586 1668 frondibus
1626 1616 1837 1668 undam.

228 1688 330 1741 Illa
370 1689 583 1758 quidem
620 1689 831 1756 meruit,
870 1689 961 1740 sed
998 1706 1082 1756 ne,
1119 1706 1322 1757 precor,
1359 1688 1482 1758 igne
1522 1706 1752 1757 superno

229 1762 457 1814 Aestuet
494 1765 588 1814 aut
626 1761 743 1813 dira
780 1761 1005 1813 feriatur
1043 1761 1325 1829 grandine;
1364 1763 1577 1813 tantum

231 1833 493 1904 Spargere
531 1837 591 1886 tu
629 1835 844 1886 laticem
876 1837 930 1886 et
966 1834 1114 1887 foliis
1152 1834 1370 1886 turbare
1407 1837 1693 1887 memento.

231 1908 380 1960 Tunc
419 1925 519 1977 ego
559 1911 718 1976 teque
758 1907 848 1959 diu
884 1907 1121 1960 recolam
1159 1907 1536 1976 dominamque
1574 1907 1840 1977 benignae

232 1979 381 2034 Sedis
421 1985 475 2033 et
512 1981 718 2033 inlaesa
753 1980 975 2032 tutabor
1010 1982 1292 2049 utramque
1332 1983 1562 2047 senecta,

230 2053 307 2107 Ut
343 2053 507 2122 IouiS,
544 2056 605 2106 ut
642 2053 849 2106 Phoebi
885 2053 1118 2122 frondeS,
1156 2056 1218 2105 ut
1255 2052 1487 2106 discolor
1524 2053 1715 2105 umbra

230 2126 467 2195 Populus
507 2129 562 2179 et
597 2128 820 2179 nostrae·
854 2128 1104 2195 stupeant
1142 2129 1238 2178 tua
1276 2126 1520 2195 germina
1557 2124 1758 2195 pinus)

232 2198 318 2252 Sic
358 2201 447 2252 ait.
522 2200 616 2252 illa
656 2199 739 2252 dei
776 2202 984 2252 ueteres
1025 2199 1237 2251 imitata
1276 2200 1478 2252 calores

230 2272 498 2325 Uberibus
539 2273 745 2342 stagnis
785 2272 1003 2341 obliquo
1042 2272 1275 2341 pendula
1310 2274 1501 2325 trunco

230 2345 458 2399 Incubat
497 2348 656 2414 atque
694 2346 898 2398 umbris
939 2348 1208 2398 scrutatur
1247 2346 1553 2398 amantibus
1591 2345 1779 2399 undas

1935 536 2000 576 30*

1937 898 1992 940 35

1939 1264 1995 1304 40

1938 1627 1994 1669 45

1939 1993 1996 2034 50

1941 2357 1996 2398 55

348 2523 404 2563 29
442 2519 722 2575 laeuumque
767 2522 798 2563 ς
830 2534 877 2563 a:
917 2519 1114 2575 leuaque
1153 2523 1183 2561 0
1219 2520 1236 2574 ΙΙ
1273 2523 1331 2563 30
1360 2518 1566 2563 Naiados
1598 2523 1627 2560 0
1657 2534 1686 2561 a
1722 2520 1738 2575 ΙΙ
1776 2523 1828 2562 31
1863 2519 1998 2563 deam

230 2577 389 2621 Dom:
428 2577 552 2621 diem
583 2582 612 2619 0
644 2592 671 2619 a
707 2579 723 2633 ΙΙ
761 2582 816 2621 33
858 2577 988 2621 Sicut
1025 2578 1127 2622 erat
1164 2590 1270 2621 cum
1306 2578 1437 2621 ueste
1478 2577 1652 2621 Markl.
1692 2578 1708 2632 ΙΙ
1746 2581 1800 2620 38
1841 2577 1996 2622 Brimo

232 2635 458 2692 Scaliyer:
486 2635 726 2679 Bromium
757 2640 785 2677 0
816 2651 843 2678 a
865 2638 881 2692 ΙΙ
904 2641 960 2679 43
991 2634 1455 2691 uenerabile-<scripsi
1485 2636 1513 2679 Z.
1547 2636 1575 2679 l.
1600 2649 1650 2691 p.
1676 2638 1793 2680 255:
1824 2649 1995 2680 memo-

230 2694 377 2738 rabile
409 2698 438 2736 0
469 2708 497 2736 a
526 2695 542 2750 ΙΙ
572 2698 627 2737 45
661 2694 855 2738 decliuis
886 2698 915 2735 0
946 2709 993 2749 a,
1033 2707 1146 2738 corr.
1178 2694 1546 2749 Isindenbroyius
1572 2696 1579 2750 Ι
1607 2696 1655 2738 et
1687 2694 1884 2738 Markl.:
1914 2707 1996 2738 om.

232 2758 260 2794 0
291 2767 319 2795 a
341 2754 356 2809 ΙΙ
379 2757 435 2796 47
468 2752 570 2796 dira
586 2751 887 2797 Schraderus:
919 2753 1034 2796 dura
1064 2757 1092 2794 0
1123 2767 1151 2795 a
1172 2753 1188 2809 ΙΙ
1212 2757 1267 2796 53
1299 2752 1342 2795 d.
1373 2766 1418 2796 u.
1450 2751 1635 2796 imitata
1656 2753 1749 2806 (uel
1772 2752 1814 2797 d.
1839 2752 1888 2796 in
1902 2754 1996 2797 uet.

232 2812 462 2868 animata)
505 2811 703 2854 Marlcl..·
742 2811 785 2855 d.
824 2825 868 2857 u.
909 2811 1117 2855 animata
1140 2815 1169 2853 0
1199 2811 1343 2867 31155
1375 2812 1605 2855 scrutatur
1636 2815 1686 2854 G:
1725 2812 1935 2856 seruatur
1967 2813 1996 2856 ς

232 2884 259 2912 a
288 2871 474 2914 tutatur
499 2869 562 2913 Μ
560 2870 674 2915 arkl.
