2014 3164
189 240 294 293 134
786 241 834 285 P.
868 241 1098 287 PAPINII
1129 241 1329 286 STATII

180 359 426 430 Effigies:
458 360 558 413 hoc
591 378 710 413 aere
741 360 915 429 CereS,
954 362 1054 414 hoc
1092 362 1268 414 lucida
1299 359 1515 431 Cnosis,

182 433 281 486 Illo
321 432 463 485 Maia
500 434 667 501 thole,
706 432 890 487 Uenus
928 435 1029 488 hoc
1066 453 1177 488 non
1212 435 1456 503 improba
1495 453 1640 489 saxo,

182 507 469 574 Accipiunt
507 507 685 558 uultus
725 506 857 559 haut
893 507 1172 577 indignata
1212 508 1430 561 decoros

180 578 436 632 Numina:
475 579 822 633 circumstant
859 581 1046 633 famuli
1086 584 1443 650 consuetaque
1479 583 1639 635 turba
1856 597 1939 637 235

181 652 486 721 ObsequiiS‚
524 656 652 706 tunc
690 654 792 706 rite
830 655 937 706 tori
976 672 1294 723 mensaeque
1333 658 1589 722 parantur

179 725 456 778 Assiduae.
533 726 722 779 domus
761 727 881 796 ista,
921 727 1133 780 domus!
1176 728 1293 796 quis
1332 728 1488 780 triste
1528 730 1830 798 sepulcrum

179 797 425 851 Dixerit?
464 799 564 851 hac
603 800 794 853 merito
833 801 950 853 uisa
988 801 1185 869 pietate
1224 801 1403 853 mariti

178 871 430 925 Protinus
470 874 754 926 exclames:
797 873 904 926 ‘est
941 874 1043 942 hic,
1083 891 1333 944 agnosce,
1371 875 1618 929 minister

177 944 342 1013 Illius,
384 948 632 998 aeternae
672 947 831 1000 modo
873 948 963 1016 qui
1003 949 1236 1000 sacraria
1275 949 1424 1017 genti
1854 963 1939 1004 240

178 1016 429 1071 Condidit
465 1020 625 1088 inque
665 1021 768 1074 alio
808 1021 988 1089 posuit
1026 1039 1123 1073 sua
1162 1021 1336 1073 sidera
1375 1020 1556 1075 caelo?

179 1089 279 1159 Sic,
318 1093 410 1145 ubi
449 1110 646 1162 magna
685 1112 886 1146 nouum
925 1093 1122 1146 Phario
1164 1093 1226 1146 de
1266 1094 1421 1147 litore
1459 1096 1652 1164 puppis

178 1163 352 1218 Soluit
389 1167 491 1218 iter
529 1167 741 1236 iamque
781 1167 1091 1220 innumeros
1130 1167 1395 1236 utrimque
1433 1168 1682 1222 rudentes

175 1238 415 1308 Lataque
455 1240 662 1292 ueliferi
701 1240 937 1308 porrexit
973 1240 1192 1293 brachia
1231 1242 1358 1293 mali

174 1311 486 1381 Inuasitque
524 1314 659 1381 uiaS,
698 1314 754 1366 in
794 1314 978 1367 eodem
1018 1317 1249 1384 angusta
1286 1315 1535 1383 phaselos
1675 1314 1683 1331 ⁸
1854 1331 1939 1371 245

175 1385 422 1455 Aequore
462 1389 515 1439 et
551 1387 803 1439 immensi
833 1390 1041 1456 partem
1082 1388 1183 1441 sibi
1215 1388 1452 1441 uindicat
1491 1390 1674 1444 austri.

175 1459 313 1521 Quid
350 1478 494 1513 nunc
532 1460 842 1530 inmodicos,
881 1462 1134 1514 iuuenum
1173 1462 1473 1530 lectissime,
1512 1462 1668 1516 fletus

175 1531 345 1585 Corde
384 1534 537 1586 foues
576 1535 903 1603 longumque
941 1537 1094 1588 uetas
1135 1536 1276 1588 exire
1308 1535 1582 1589 dolorem?

171 1605 378 1674 Nempe
417 1607 589 1676 timeS‚
627 1626 694 1659 ne
736 1606 1024 1661 Cerbereos
1065 1608 1311 1662 Priscilla
1347 1612 1637 1663 tremescat

170 1678 459 1732 Latratus?
497 1684 641 1733 tacet
678 1681 766 1733 1110
803 1682 930 1750 piis!
976 1700 1043 1734 ne
1081 1682 1286 1735 tardior
1325 1683 1466 1735 adsit
1852 1698 1936 1738 250

170 1751 373 1805 Nauita
410 1755 793 1823 proturbetque
832 1755 1023 1807 uadis?
1082 1756 1232 1808 uehit
1268 1756 1357 1808 ille
1395 1759 1658 1809 merentes

170 1825 424 1879 Protinus
467 1830 520 1879 et
557 1845 743 1880 manes
783 1829 1022 1896 placidus
1061 1829 1206 1882 locat
1242 1829 1455 1897 hospite
1495 1831 1699 1898 cymba.

169 1898 475 1968 Praeterea‚‘
508 1901 553 1953 si
592 1901 803 1970 quando
843 1902 932 1969 pio
971 1902 1187 1954 laudata
1225 1903 1418 1955 marito

151 1971 376 2032 Umbra
414 1974 578 2042 uenit,
616 1975 765 2026 iubet
802 1974 878 2026 ire
918 1974 1059 2028 faces
1098 1974 1421 2044 Proserpina
1459 1977 1629 2029 laetas

167 2045 535 2116 Egressasque
575 2048 737 2100 sacris
777 2051 981 2100 ueteres
1028 2049 1277 2102 heroidas
1318 2050 1489 2102 antris
1849 2064 1934 2105 255

167 2118 394 2172 Lumine
432 2139 700 2189 purpureo
739 2121 924 2174 tristes
964 2122 1145 2174 laxare
1183 2123 1433 2175 tenebras

169 2191 427 2262 Sertaque
467 2198 521 2246 et
557 2194 774 2263 Elysios
814 2195 1024 2247 animae
1062 2199 1429 2264 praesternere
1468 2195 1639 2250 flores,

168 2264 255 2319 Sic
293 2285 477 2320 manes
509 2267 751 2320 Priscilla
791 2268 958 2338 subit3
1005 2269 1081 2321 ibi
1121 2270 1357 2338 supplice
1397 2269 1583 2322 dextra

165 2339 269 2392 Pro
308 2343 361 2392 te
400 2340 513 2392 fata
551 2345 721 2410 rogat,
759 2358 912 2411 reges
949 2342 1051 2395 tibi
1089 2343 1261 2395 tristis
1299 2342 1504 2396 Auerni
1557 2405 1563 2410 ,

164 2412 366 2481 Placat‚
406 2417 466 2466 ut
505 2415 727 2483 expletis
767 2415 990 2467 humani
1027 2416 1223 2469 finibus
1264 2417 1383 2469 aeui
1848 2430 1933 2471 260

165 2486 458 2540 Pacantem
497 2490 667 2540 terras
709 2488 984 2541 dominum
1023 2490 1375 2559 iuuenemque
1413 2490 1682 2559 relinquas

163 2559 285 2627 Ipse
326 2562 505 2613 senex!
570 2565 745 2614 certae
786 2562 966 2614 iurant
1004 2564 1062 2614 in
1099 2566 1228 2615 uota
1267 2580 1491 2616 sorores.

279 2696 364 2735 232
398 2690 561 2736 Gnosis
594 2695 622 2732 G
654 2706 695 2747 a,
727 2693 904 2735 correoei
926 2693 941 2749 Η
966 2698 1049 2736 233
1081 2693 1180 2737 13010
1211 2696 1249 2735 A
1280 2697 1329 2737 G:
1370 2692 1473 2736 loco
1513 2707 1560 2745 a;
1594 2706 1705 2737 auro
1733 2693 1932 2747 Markl.;

161 2764 224 2794 an
254 2749 389 2794 luto?
413 2752 537 2806 11236
569 2752 679 2793 tunc
710 2753 748 2792 A
780 2755 829 2793 C:
865 2752 967 2794 tum
998 2752 1095 2796 edd.
1143 2751 1158 2810 ΙΙ
1206 2755 1291 2795 238
1323 2751 1410 2795 1100
1449 2755 1477 2792 c
1510 2765 1537 2793 a
1559 2752 1574 2806 ΙΙ
1598 2756 1683 2795 243
1715 2751 1932 2808 utrinque

159 2812 221 2851 A:
263 2810 493 2865 utrunque
525 2814 552 2851 c
575 2810 591 2864 ΙΙ
614 2813 699 2852 245
731 2809 795 2864 in]
820 2809 861 2852 it
890 2809 1139 2854 Geuartius
1169 2809 1183 2868 Η
1215 2814 1299 2854 247
1329 2809 1499 2854 lectiss.
1540 2813 1600 2853 Ax
1641 2810 1863 2854 letissime
1903 2815 1931 2853 c

164 2866 169 2925 Ι
205 2871 290 2911 252
332 2868 514 2924 cymba]
556 2868 659 2924 ripa
700 2867 872 2912 Markl.
897 2870 912 2924 ΙΙ
936 2873 1020 2912 253
1052 2869 1236 2925 plorata
1266 2868 1435 2913 marito
1469 2868 1643 2913 Markl.
1669 2870 1684 2925 ΙΙ
1708 2873 1791 2913 261
1824 2868 1931 2913 Pla-

162 2927 346 2970 cantem
378 2931 406 2968 c
438 2942 464 2969 a
