2014 3164
158 210 230 262 96
776 211 827 254 P.
858 210 1086 254 PAPINII
1118 210 1318 254 STATII

158 334 311 383 tuum
359 331 573 399 quidem
620 329 1062 397 condiscipulum,
1111 329 1204 380 sed
1244 328 1377 380 mihi
1400 328 1535 380 citra
1571 329 1675 381 hoc
1714 347 1921 398 quoque
1983 391 1988 394 ,

159 404 241 456 ius
306 404 571 455 artissime
634 420 829 454 carum.
915 420 1041 453 nam
1102 399 1346 453 Uindicis
1405 401 1577 454 nostri
1637 400 1923 454 Herculem
1975 398 1989 470 ,ι’

159 475 543 545 Epitrapezion
582 474 873 527 secundum
911 475 1185 543 honorem,
1224 491 1378 541 quem
1411 473 1474 526 de
1506 492 1592 527 me
1624 477 1678 526 et
1701 475 1922 543 deipsis
1981 472 1986 513 Ῐ

161 549 350 601 studiis
390 551 636 616 meretur,
674 548 939 616 imputare
979 547 1142 599 etiam
1180 547 1282 599 tibi
1302 545 1552 614 possum.
1627 547 1965 600 Maximum2

160 621 382 674 Uinium
428 624 482 673 et
528 621 807 690 dignitatis
847 625 902 673 et
941 620 1279 689 eloquentiae
1316 620 1534 672 nomine
1578 639 1610 671 a
1647 621 1805 672 nobis
1845 621 1923 672 di-
1989 615 1993 623 ²

159 695 257 763 ligi
298 695 428 747 satis
469 712 615 746 eram
652 697 880 747 testatus
921 694 1169 761 epistola,
1216 710 1375 761 quam
1413 693 1479 745 ad
1524 693 1675 745 illum
1715 694 1779 746 de
1819 693 1923 746 edi-
1992 729 1993 733 =

158 769 306 820 tione
353 767 655 820 Thebaidos
701 785 849 819 meae
896 767 1190 834 publicaui3
1237 766 1328 818 sed
1365 784 1507 818 nunc
1554 784 1763 835 quoque
1803 785 1923 818 eum

160 841 358 893 reuerti
405 841 668 893 maturius
714 858 778 891 ex
822 839 1096 892 Dalmatia
1140 856 1288 909 rogo.
1371 840 1556 892 iuncta
1607 843 1688 891 est
1733 840 1924 909 egloga
1987 871 1994 886 <.

160 914 227 966 ad
266 914 590 981 municipem
629 931 807 965 meum
845 913 1039 964 Iulium
1063 912 1435 981 Menecratem,
1474 913 1809 981 splendidum
1848 911 1993 966 iu-2⁴

159 1005 350 1039 uenem
399 990 452 1038 et
495 986 655 1039 Pollii
702 986 809 1038 mei
859 1003 1136 1055 generum,
1183 986 1267 1037 cui
1315 986 1553 1054 gratulor
1599 986 1739 1053 quod
1785 985 1923 1039 Nea·
1978 1034 1982 1038 .

161 1061 330 1129 polim
382 1063 625 1113 nostram
677 1076 898 1111 numero
950 1059 1241 1110 liberorum
1290 1058 1672 1110 honestauerit.
1747 1058 1924 1112 Plotio

159 1132 359 1202 Grypo,
398 1133 618 1185 maioris
659 1132 853 1202 gradus
878 1131 1073 1199 iuueni,
1112 1131 1326 1200 dignius
1352 1132 1666 1200 opusculum
1692 1132 1926 1202 reddam,

160 1208 253 1259 sed
291 1206 506 1259 interim
546 1205 1041 1273 hendecasyllabOS,
1079 1222 1211 1272 quos
1252 1202 1625 1257 Saturnalibus
1664 1223 1772 1258 una
1809 1206 1925 1259 risi-

159 1298 293 1348 mus,
330 1279 455 1331 huic
494 1278 756 1331 uolumini
795 1277 1010 1330 inserui.
1086 1295 1251 1346 quare
1290 1295 1417 1347 ergo
1455 1279 1611 1346 plura
1648 1279 1705 1330 in
1734 1283 1968 1348 quarto3

161 1353 418 1405 siluarum
459 1370 618 1420 quam
657 1352 714 1403 in
753 1350 1058 1420 prioribus?
1096 1368 1164 1403 ne
1203 1368 1259 1403 se
1297 1354 1488 1419 putent
1510 1351 1713 1420 aliquid
1738 1353 1925 1422 egisse,

161 1427 253 1495 qui
298 1425 772 1494 reprehenderunt,
819 1427 880 1476 ut
918 1424 1075 1476 audio
1086 1466 1098 1491 ,
1141 1423 1282 1492 quod
1319 1425 1422 1477 hoc
1461 1424 1574 1476 stili
1613 1441 1781 1494 genus
1821 1425 1925 1478 edi-
1983 1429 1986 1432 ⁴

94 1535 98 1541 -
160 1500 370 1552 dissem.
446 1498 679 1566 primum
734 1515 1122 1566 superuacuum
1176 1500 1258 1549 est
1303 1497 1609 1550 dissuadere
1659 1516 1773 1550 rem
1817 1499 1925 1552 fac-

158 1576 294 1640 tam,
340 1572 529 1624 deinde
568 1572 738 1624 multa
778 1589 840 1624 ex
871 1571 977 1623 illis
1016 1571 1125 1623 iam
1164 1570 1381 1624 domino
1407 1568 1624 1623 Caesari
1663 1571 1927 1642 dederam,

161 1649 214 1698 et
262 1649 463 1715 quanto
518 1645 621 1698 hoc
665 1645 791 1714 plus
845 1647 926 1696 est
979 1662 1140 1713 quam
1187 1644 1376 1696 edere?
1452 1662 1690 1697 exercere
1745 1648 1924 1698 autem
1942 1659 1999 1702 35

159 1721 305 1773 iocos
344 1737 457 1772 non
488 1717 650 1770 licet‘?
690 1717 947 1770 esecreto'
985 1717 1176 1786 inquit.
1222 1717 1315 1769 sed
1353 1720 1434 1771 est
1458 1718 1925 1786 sphaeromachias

161 1795 461 1862 spectamus
501 1794 555 1843 et
599 1791 786 1860 pilaris
838 1791 977 1843 lusio
1032 1790 1346 1843 admittitur.
1421 1791 1738 1844 nouissime:
1785 1793 1924 1861 quis-

162 1867 279 1936 quis
327 1883 391 1917 ex
436 1865 570 1917 meis
617 1864 822 1916 inuitus
870 1863 1070 1932 aliquid
1107 1863 1255 1932 legit,
1295 1864 1479 1916 statim
1519 1882 1574 1916 se
1611 1866 1926 1933 profiteatur

161 1938 482 1992 aduersum?
521 1939 699 2004 itaque
739 1955 901 2006 quare
941 1937 1162 1989 consilio
1202 1937 1316 1989 eius
1356 1937 1639 1990 accedam?
1690 1939 1748 1991 in
1789 1958 1926 1993 sum-

160 2031 328 2065 mam:
366 2028 559 2080 nempe
601 2027 700 2080 ego
742 2029 860 2063 sum
899 2010 990 2080 qui
1026 2010 1300 2078 traducor3
1336 2013 1515 2063 taceat
1552 2027 1667 2079 erqo
1705 2015 1759 2064 et
1797 2027 1998 2083 gau-40

161 2087 297 2139 deat.
371 2086 514 2137 hunc
550 2087 734 2136 tamen
772 2084 970 2136 librum
993 2086 1068 2151 tn,
1105 2082 1375 2152 Marcelle,
1398 2083 1664 2154 defendes,
1703 2086 1748 2138 si
1781 2086 1924 2139 uide-

159 2163 265 2229 tur,
305 2161 387 2212 set
423 2158 699 2222 hactenus,
740 2158 786 2210 si
823 2157 982 2210 nimis
1023 2156 1485 2226 reprehendemur.
1535 2158 1670 2211 uale.

282 2426 334 2464 17
390 2419 580 2476 quidem
626 2420 674 2462 et
719 2423 748 2460 0
794 2434 822 2461 ει
884 2418 1072 2474 quidem
1118 2418 1259 2463 etiam
1306 2419 1403 2464 edd.
1416 2435 1433 2471 ;
1480 2420 1529 2463 613
1571 2420 1719 2463 delem'
1759 2420 1766 2473 Ι
1808 2420 1926 2465 citra

161 2480 223 2525 H.
257 2479 478 2524 Nohlius:
517 2479 676 2522 contra
714 2481 741 2519 0
781 2492 808 2519 a
837 2479 852 2533 ΙΙ
886 2481 938 2520 18
970 2491 1077 2521 nam
1111 2482 1139 2519 0
1171 2493 1219 2520 a:
1250 2478 1344 2521 iam
1374 2477 1507 2523 Dom.
1531 2478 1623 2533 1121
1658 2477 1837 2522 uinium
1866 2483 1923 2523 A:

160 2538 340 2583 iunium
371 2542 399 2579 0
437 2539 453 2593 ΙΙ
491 2540 547 2580 28
580 2536 712 2592 gripo
745 2540 772 2577 0
804 2535 970 2593 grippo
996 2540 1024 2580 ς
1057 2551 1085 2578 a
1121 2537 1136 2592 ΙΙ
1173 2541 1229 2580 36
1260 2536 1361 2580 ioco
1393 2539 1431 2578 A
1462 2540 1490 2578 0
1521 2550 1584 2579 an
1614 2535 1806 2592 inquis?
1829 2539 1845 2594 ΙΙ
1868 2543 1924 2582 37

160 2597 320 2654 pilaris
351 2600 408 2640 A:
440 2594 614 2653 palaris
647 2599 675 2636 0
718 2597 723 2648 Ι
767 2594 978 2639 admittit
1006 2599 1044 2637 A
1075 2600 1104 2637 0
1141 2597 1156 2651 ΙΙ
1194 2600 1251 2639 38
1281 2593 1465 2638 inuidus
1504 2594 1676 2639 Markl.
1717 2597 1733 2652 fl
1771 2601 1826 2640 39
1858 2595 1926 2641 ita

162 2669 304 2712 quare
335 2660 364 2697 0
394 2670 435 2711 a,
467 2654 655 2698 correaei.
687 2652 848 2708 itaque
878 2655 1016 2710 uulyo
1043 2656 1050 2710 Ι
1075 2653 1128 2697 in
1155 2666 1382 2698 summam
1413 2657 1461 2697 c:
1501 2653 1550 2696 111
1581 2667 1761 2698 summa
1794 2658 1823 2699 ς
1855 2670 1882 2697 a
1910 2656 1927 2713 Η

161 2720 218 2759 40
258 2727 368 2771 ergo
407 2713 591 2758 addidi.-
630 2725 712 2757 om.
754 2716 782 2754 0
821 2727 847 2754 a
877 2713 892 2769 ΙΙ
922 2717 975 2756 41
1018 2712 1236 2757 defendes
1274 2714 1322 2757 et
1352 2711 1392 2756 si
1429 2711 1612 2756 uidetur
1642 2714 1866 2758 hactenus
1897 2718 1926 2756 0

162 2789 202 2827 a,
243 2774 429 2817 correxi.
470 2771 685 2827 defende,
718 2770 820 2825 sed,
860 2771 899 2814 si
929 2771 1128 2827 uidetur,
1157 2771 1380 2816 hactenus
1413 2771 1692 2828 Maduiyius
1735 2774 1752 2830 ΙΙ
1796 2777 1852 2816 42
1886 2771 1926 2816 si

160 2832 299 2876 nimis
329 2833 467 2876 idem:
500 2830 572 2875 sin
603 2829 709 2887 (sim
741 2829 785 2885 a)
815 2830 966 2875 minus
998 2835 1026 2873 0
1049 2837 1077 2873 a
1103 2831 1109 2887 Ι
1135 2829 1526 2887 reprehendamur
1558 2831 1732 2876 Markl.
