2014 3164
688 196 998 242 SILUARUM
1029 197 1080 243 L.
1114 198 1192 253 ΙΙΙ,
1225 202 1267 242 5.
1800 198 1867 251 91

42 311 55 378 ³!
105 316 375 370 Intactum
414 316 669 371 thalamis
709 320 764 370 et
802 316 974 370 adhuc
1013 317 1246 371 iuuenile
1286 320 1572 383 uagantem
1816 330 1871 371 25

44 406 54 450 ;.·
104 388 310 459 Fixisti,
346 392 441 443 tua
477 390 631 443 frena
670 389 844 443 libens
882 389 1173 460 docilisque
1212 391 1408 459 recepi,

103 460 179 516 Et
217 463 379 516 semel
417 463 647 516 insertas
684 481 794 516 non
834 466 1136 516 mutaturus
1174 463 1414 516 habenas

40 530 55 608 ζ
103 534 287 605 Usque
325 536 457 590 fero.
533 539 593 589 tu
631 554 715 589 me
753 537 937 589 nitidis
977 535 1193 589 Albana
1230 539 1561 605 prementem

44 626 48 635 “
102 607 263 662 Dona
301 609 471 663 comis
508 612 796 679 sanctoque
835 610 1082 663 indutum
1122 607 1367 662 Caesaris
1407 628 1537 663 auro

35 694 55 731 .·
104 680 410 735 Uisceribus
451 683 729 752 complexa
765 684 873 736 tuis
913 683 1172 752 sertisque
1212 682 1405 735 dedisti
1814 698 1871 738 80

103 754 298 808 Oscula
337 756 532 809 anhela
570 756 726 824 meis3
765 758 840 824 tu,
879 774 998 809 cum
1040 754 1310 824 Capitolia
1347 759 1563 810 nostrae

33 863 47 890 ρ
101 826 341 881 Infitiata
378 829 542 898 lyrae,
581 847 800 882 saeuum
840 830 1219 899 ingratumque
1259 829 1479 883 dolebas

38 919 49 967 «ξ
101 899 313 956 Mecum
350 902 495 956 uicta
533 901 738 971 Iouem3
778 905 837 954 tu
876 902 1246 971 procurrentia
1284 903 1472 971 primis

38 997 49 1044 ;
102 973 356 1029 Carmina
392 978 580 1029 nostra
618 975 780 1043 sonis,
817 978 961 1029 totas
1002 977 1131 1045 quin
1169 994 1444 1029 murmura
1481 980 1663 1030 noctes

35 1068 46 1107 ξ
101 1046 248 1101 Aure
286 1049 432 1118 rapis
473 1049 647 1119 uigili3
685 1049 836 1119 longi
872 1053 933 1102 tu
973 1049 1089 1103 sola
1127 1049 1327 1102 laboris
1816 1064 1872 1104 85

101 1120 346 1191 Conscia,
385 1140 611 1192 cumque
649 1122 757 1175 tuis
798 1123 965 1175 creuit
1002 1140 1123 1175 mea
1161 1122 1392 1176 Thebais
1432 1124 1602 1176 annis,

20 1203 43 1269 {j
102 1193 326 1258 Qualem
363 1197 419 1247 te
456 1213 628 1264 nuper
667 1194 889 1265 Stygias
927 1214 1094 1265 prope
1133 1199 1320 1265 raptus
1361 1197 1427 1249 ad
1466 1197 1699 1266 umbras,

19 1264 43 1338 ⁴⁸53
101 1266 237 1322 Cum
275 1268 383 1321 iam
420 1267 686 1323 Lethaeos
725 1269 963 1322 audirem
1003 1270 1301 1323 comminus
1341 1288 1548 1338 amnes,

2 1365 41 1413 -g,
101 1340 317 1411 Aspexi,
356 1342 610 1412 tenuique
650 1343 832 1396 oculos
871 1343 978 1395 iam
1018 1346 1190 1395 morte
1230 1342 1495 1396 cadentes.

16 1414 42 1467 ἓξ
102 1413 315 1469 Scilicet
352 1415 599 1468 exhausti
638 1414 887 1469 Lachesis
926 1416 1059 1468 mihi
1097 1419 1342 1501 tempora
1387 1417 1487 1469 fati
1815 1431 1873 1471 40

17 1486 45 1555 ¹]
102 1488 176 1541 Te
214 1491 425 1542 tantum
464 1489 718 1542 miserata
757 1488 913 1558 dedit,
953 1490 1238 1558 superique
1269 1492 1517 1558 potentes

19 1570 42 1619 J*
100 1561 365 1615 Inuidiam
403 1562 629 1615 timuere
668 1566 832 1615 tuam.
908 1567 1033 1631 post
1069 1563 1175 1615 ista
1212 1564 1571 1632 propinquum

19 1645 47 1665 ·
100 1633 260 1689 Nunc
297 1635 402 1689 iter
439 1635 810 1705 optandosque
850 1636 996 1689 sinus
1036 1654 1214 1688 comes
1254 1637 1331 1689 ire
1372 1636 1637 1690 moraris?

14 1746 45 1775 3
100 1707 221 1761 Heu
261 1709 354 1762 ubi
395 1713 525 1762 nota
563 1709 694 1762 fides
734 1712 922 1778 totque
962 1710 1239 1777 explorata
1276 1727 1372 1778 per
1410 1728 1553 1777 usus,

22 1819 45 1842 f„
102 1780 219 1844 Qua
257 1785 461 1835 ueteres
501 1781 686 1836 Latias
726 1782 1023 1851 Graiasque
1063 1781 1328 1835 Heroidas
1369 1787 1603 1852 aequas?
1815 1797 1872 1838 45

13 1864 27 1892 ²
99 1854 240 1908 Isset
279 1855 346 1908 ad
383 1854 575 1909 Iliacas
615 1853 767 1926 (quid
807 1856 949 1909 enim
988 1856 1222 1908 deterret
1260 1856 1569 1926 amantesP)

15 1946 19 1969 ι’
100 1926 365 1998 Penelope
405 1929 594 1999 ganisa
631 1928 834 1997 domOS,
874 1930 919 1982 si
958 1947 1148 1998 passus
1187 1927 1394 1997 Ulixes3

9 2036 46 2046 ·-
102 2001 303 2065 Questa
341 2005 424 2055 est
459 2001 699 2072 Aegiale,
737 2006 928 2073 questa
966 2005 1048 2055 est
1086 2001 1353 2056 Meliboea
1391 2002 1639 2072 relinqui,

100 2075 175 2129 Et
212 2093 536 2146 quamquam
575 2076 723 2129 saeui
760 2076 1002 2129 fecerunt
1046 2075 1309 2128 maenada
1346 2077 1606 2144 planctus.

7 2216 12 2238 ⁸
101 2148 215 2203 Nec
254 2149 433 2202 minor
469 2148 554 2202 his
592 2152 652 2202 tu
690 2167 849 2202 nosse
888 2149 1044 2202 fidem
1082 2149 1445 2218 inuictamque
1484 2150 1691 2203 maritis
1816 2164 1873 2204 50

13 2407 37 2421 ,-
219 2371 277 2412 28
308 2366 405 2412 fero
438 2392 492 2399 —
524 2367 810 2424 prementem
841 2367 1007 2423 scripsi
1037 2367 1065 2411 l.
1099 2367 1125 2411 l.
1154 2380 1204 2422 p.
1228 2370 1347 2412 258:
1377 2380 1539 2423 premo
1567 2367 1871 2413 —ferentem

4 2423 7 2438 ¹
100 2427 189 2480 (ita
226 2428 280 2482 A)
322 2429 352 2468 0
383 2440 412 2469 a
437 2426 444 2481 Ι
469 2426 523 2470 tu
556 2425 841 2470 Politianus:
873 2427 945 2470 ter
975 2429 1012 2468 A
1044 2430 1072 2468 0
1095 2427 1111 2482 ΙΙ
1134 2430 1190 2469 29
1223 2438 1377 2469 comes
1409 2430 1438 2468 0
1468 2441 1509 2479 a,
1545 2439 1660 2470 corr.
1692 2426 1825 2471 Dom.
1857 2429 1871 2482 ξ’,

102 2490 157 2531 32
190 2484 382 2530 dolebas
418 2484 577 2530 Dom.:
615 2484 795 2529 doleres
833 2487 870 2526 A
910 2489 938 2526 0
967 2486 983 2541 ΙΙ
1014 2489 1071 2528 34
1111 2486 1236 2528 totas
1274 2483 1385 2540 quin
1422 2485 1518 2537 (uel
1546 2486 1761 2542 totasque
1793 2488 1871 2541 en)

7 2548 17 2598 ιῗ
101 2556 337 2588 murmura
366 2543 533 2600 scripsi
563 2543 590 2587 l.
624 2543 677 2588 l„-
707 2545 925 2599 totasque
956 2543 1005 2586 in
1035 2556 1268 2587 murmure
1299 2547 1329 2585 0
1352 2558 1380 2585 a
1410 2545 1652 2599 motasque
1677 2545 1725 2587 in
1747 2559 1869 2588 mur-

101 2615 234 2647 mura
269 2614 406 2646 uoces
443 2602 666 2647 Heinsius
695 2603 711 2658 [Ι
740 2607 795 2646 37
828 2615 973 2658 prope
1003 2605 1040 2644 A
1072 2606 1122 2645 c:
1158 2601 1297 2646 modo
1330 2606 1359 2645 ς
1383 2603 1400 2658 fl
1422 2607 1476 2646 41
1512 2602 1758 2659 superique
1789 2616 1870 2647 no·

13 2686 33 2706 ·.
101 2662 260 2707 centes
290 2660 513 2706 Heinsius
548 2662 564 2717 ΙΙ
602 2665 658 2704 43
691 2661 1010 2717 optandosque
1040 2664 1079 2703 A
1110 2665 1158 2703 c:
1191 2662 1466 2718 optatosque
1499 2665 1528 2704 ς
1566 2663 1583 2716 ΙΙ
1621 2665 1679 2704 44
1709 2660 1790 2706 ubi
1819 2666 1869 2706 c:

99 2719 189 2765 tibi
211 2723 256 2764 6
297 2734 325 2763 a
351 2720 368 2776 ΙΙ
397 2723 454 2764 45
491 2719 740 2777 graiasque
778 2719 935 2764 Dom.:
974 2718 1125 2776 graias
1156 2723 1185 2761 0
1217 2734 1244 2762 a
1279 2721 1296 2774 u
1333 2724 1390 2764 49
1428 2719 1490 2763 Et
1527 2733 1669 2775 quam
1710 2721 1869 2776 (quam

0 2822 2 2827 ,
27 2819 29 2822 .
101 2778 275 2834 saeuit)
308 2777 556 2823 Geuartius
594 2778 656 2822 Et
692 2792 833 2835 quam
870 2781 971 2822 tam
1002 2777 1131 2824 saeui
1163 2777 1360 2823 Graccus
1403 2779 1420 2834 Ι
1465 2782 1521 2822 50
1552 2777 1869 2835 inuictamque

0 2833 16 2843 ”
99 2837 284 2894 scripsit
322 2837 586 2893 uictamque
625 2842 675 2892 0,
716 2838 770 2881 in
813 2840 849 2879 A
889 2837 986 2881 uict
1022 2837 1197 2881 litterae
1234 2841 1414 2882 tantum
1453 2837 1622 2892 dispici
1650 2842 1868 2894 possim&

28 2935 38 2955 4
99 2895 337 2953 uitamque
362 2899 391 2940 ς
415 2895 687 2952 firmamque
707 2895 839 2941 Dom.
865 2897 1107 2952 totamque
1138 2895 1361 2941 Heinsius
