2014 3164
143 174 213 238 62
758 190 809 234 P.
839 190 1067 236 PAPINII
1099 191 1297 236 sTATn

405 306 459 360 N
462 325 532 360 on
568 311 628 360 tu
665 309 886 361 fiumina
921 327 1021 363 nec
1060 327 1250 379 greges
1288 311 1523 364 ferarum

404 379 518 433 Nec
555 382 760 449 plectro
801 380 1013 434 Geticas
1053 383 1295 435 mouebis
1335 402 1514 453 ornos,

406 452 509 505 Sed
549 456 753 522 septem
790 455 916 524 iuga
953 454 1309 525 Martiumque
1347 456 1608 526 Thybrim
1845 473 1903 512 45

404 525 479 577 Et
516 526 703 580 doctos
743 529 946 596 equites
987 532 1041 580 et
1078 529 1359 597 eloquente

406 597 582 651 Oantu
617 618 943 669 purpureum
980 601 1163 653 trahes
1203 604 1465 656 senatum.

403 669 710 726 Nocturnas
752 674 843 725 alii
880 673 1159 743 Phrygum
1196 675 1381 727 ruinas

404 743 478 796 Et
514 746 666 798 tarde
702 746 909 799 reducis
947 748 1064 798 uias
1102 745 1278 799 Ulixis

401 815 478 869 Et
514 836 747 887 puppem
783 820 1126 872 temerariam
1162 819 1454 890 Mineruae,
1847 835 1903 877 50

403 889 558 943 Trita
593 892 809 944 uatibus
851 893 1041 961 orbita,
1080 896 1391 961 sequantur:

404 963 486 1015 Tu
525 982 679 1017 carus
718 964 875 1017 Latio
915 983 1222 1034 memorque
1262 967 1437 1035 gentis

404 1035 632 1089 Carmen
668 1037 861 1091 fortior
900 1056 1078 1091 exeres
1116 1042 1379 1108 togatum.

403 1110 484 1161 Ac
521 1111 753 1178 primum
790 1112 990 1163 teneris
1030 1111 1200 1163 adhuc
1238 1113 1296 1163 in
1334 1113 1488 1165 annis

399 1182 574 1235 Ludes
613 1183 850 1236 Hectora
889 1183 1280 1252 Thessalosque
1319 1202 1504 1238 currus
1846 1200 1900 1241 55

401 1255 476 1307 Et
515 1257 737 1323 supplex
774 1255 978 1308 Priami
1014 1258 1251 1325 potentis
1292 1275 1495 1328 aurum,

399 1328 474 1381 Et
512 1329 662 1380 sedes
704 1329 967 1381 reserabis
1005 1329 1299 1383 inferorum

400 1400 675 1471 (Ingratus
713 1400 915 1472 Nerol)
955 1402 1198 1455 dulcibus
1236 1403 1462 1457 theatris

398 1474 473 1526 Et
509 1478 695 1528 noster
732 1475 835 1527 tibi
872 1475 1174 1543 proferetur
1212 1475 1471 1545 Orpheus,

397 1546 558 1600 Dices
598 1548 918 1600 culminibus
957 1547 1114 1601 Remi
1150 1550 1400 1619 uagantis
1844 1566 1899 1606 60

397 1619 654 1674 Infandos
694 1621 896 1674 domini
934 1622 1179 1675 nocentis
1216 1623 1384 1692 igneS.

397 1692 540 1746 Hinc
579 1696 753 1746 castae
790 1695 1007 1747 titulum
1046 1695 1309 1766 decusque
1346 1695 1531 1749 Pollae

397 1766 636 1819 Iocunda
674 1767 825 1819 dabis
864 1767 1213 1820 adlocutione.

396 1839 524 1892 Mox
562 1843 752 1907 coepta
791 1840 1100 1909 generosior
1137 1841 1355 1894 iuuenta

396 1912 567 1964 Albos
608 1912 819 1965 ossibus
856 1911 1011 1965 Italis
1054 1912 1338 1983 Philippos
1842 1930 1896 1971 65

396 1984 471 2037 Et
508 1984 818 2038 Pharsalica
856 1986 1000 2038 bella
1038 1985 1337 2056 detonabiS,

399 2058 554 2121 Quod
590 2058 796 2110 fulmen
833 2058 983 2111 ducis
1021 2059 1162 2112 inter
1199 2078 1347 2113 arma
1384 2061 1511 2130 diui,

394 2130 665 2184 Libertate
704 2149 923 2201 grauem
959 2131 1050 2200 pia
1090 2130 1350 2187 Catonem

246 2367 306 2407 44
334 2363 544 2407 moueuis
573 2368 620 2419 L,
654 2377 767 2409 corr.
799 2379 855 2408 m.
887 2369 913 2408 1
952 2367 969 2420 ΙΙ
1006 2369 1062 2409 45
1097 2390 1107 2400 -
1131 2371 1234 2409 u—11·
1266 2370 1308 2410 et
1335 2365 1542 2411 timbrim
1572 2370 1605 2409 L
1628 2368 1645 2422 ΙΙ
1679 2371 1736 2411 46
1769 2368 1893 2412 elon-

129 2423 299 2477 quente
329 2426 362 2464 L
397 2423 413 2478 ΙΙ
443 2426 498 2466 47
531 2424 744 2467 sanatum
773 2428 806 2465 L
829 2425 844 2479 ΙΙ
868 2428 923 2467 49
955 2424 1088 2468 tarde
1122 2424 1318 2469 Markl..·
1347 2424 1471 2469 tardi
1502 2430 1531 2467 c
1562 2440 1589 2467 a
1618 2430 1651 2467 L
1678 2426 1686 2484 Ι
1712 2425 1892 2471 reducis

1329 2484 1344 2516 i
1365 2494 1411 2517 m.
1433 2486 1458 2516 2

129 2528 158 2565 c
187 2527 220 2565 L
249 2524 346 2577 (hic
382 2523 399 2567 i
437 2522 505 2568 ex‘
530 2538 558 2568 a
587 2537 699 2568 corr.
738 2540 795 2569 m.
834 2528 905 2580 1).·
946 2526 1136 2571 reduces
1172 2530 1211 2569 A
1246 2527 1252 2577 Ι
1288 2527 1499 2580 ulnis}
1528 2529 1569 2582 (s
1600 2542 1629 2570 α
1659 2542 1715 2571 m.
1747 2532 1805 2581 2,·
1843 2529 1895 2573 in

127 2595 218 2625 ras.
251 2586 348 2626 erat
379 2583 416 2638 s)
455 2587 488 2624 L
520 2583 535 2637 ΙΙ
565 2586 619 2625 51
654 2584 838 2628 uotibus
869 2583 928 2635 L,
959 2597 1073 2629 corr.
1104 2599 1161 2629 m.
1194 2589 1220 2628 1
1245 2586 1261 2642 ΙΙ
1284 2590 1340 2629 53
1373 2599 1529 2629 exeres
1563 2586 1758 2630 Markl.:
1791 2600 1892 2630 exe-

127 2639 191 2684 ris
223 2644 251 2682 c
283 2656 310 2683 a
347 2645 380 2682 L
417 2642 433 2696 11
471 2644 526 2684 55
564 2641 718 2685 Ludes
755 2647 788 2684 L
822 2646 872 2686 ςε
911 2642 1095 2687 Laudas
1133 2647 1171 2685 A
1202 2648 1231 2685 c
1267 2645 1276 2700 Ι
1312 2644 1531 2688 haectora.
1559 2646 1668 2688 tess.
1713 2646 1799 2701 Lu
1836 2649 1892 2690 56

128 2698 276 2743 aurim
306 2703 338 2741 L
369 2701 384 2755 ΙΙ
414 2703 469 2743 59
500 2700 757 2755 proferetur
799 2705 827 2742 0
857 2705 910 2744 L:
949 2701 1206 2757 preferetur
1234 2706 1272 2744 A
1305 2703 1312 2758 Ι
1340 2702 1491 2746 orfeus
1531 2705 1569 2744 A
1599 2707 1631 2744 L
1663 2704 1679 2759 ΙΙ
1711 2708 1766 2747 60
1798 2703 1892 2747 cul-

127 2757 328 2802 minibus
368 2758 400 2800 ς
437 2773 484 2800 a:
524 2758 794 2803 fulminibus
832 2760 931 2812 (uel
961 2760 1114 2816 flum.)
1155 2765 1184 2802 G
1221 2760 1492 2805 fulminibus
1532 2774 1587 2805 ex
1627 2761 1891 2806 fluminibus

128 2829 240 2861 corr.
272 2830 329 2861 m.
367 2820 393 2859 1
425 2821 458 2858 L
488 2817 504 2872 ΙΙ
535 2822 589 2861 62
621 2817 741 2861 Hinc
780 2821 831 2861 3:
870 2818 971 2861 Huc
1003 2823 1031 2860 c
1063 2834 1090 2861 a
1119 2823 1152 2860 L
1191 2818 1263 2863 Tu
1292 2820 1390 2864 edd.
1429 2821 1445 2876 ΙΙ
1484 2825 1538 2864 66
1570 2818 1785 2864 farsalica
1814 2825 1846 2862 L
1879 2821 1891 2879 Η

129 2879 184 2919 67
223 2873 354 2927 Quod
387 2875 584 2919 Markl.:
617 2875 715 2928 Quo
748 2880 777 2918 c
808 2891 836 2918 a.
864 2880 896 2917 L
927 2876 990 2920 Et
1018 2877 1151 2921 Dom.
