2014 3164
150 212 178 263 7
184 212 215 264 8
755 211 806 254 P.
838 208 1067 253 PAPINII
1099 209 1296 253 STATII

144 330 339 384 Caesar
379 332 447 383 ab
488 331 708 383 emerito
746 329 930 381 iubeat
966 329 1216 381 decedere
1253 328 1413 397 bello,

143 405 218 457 At
255 423 355 457 nos
394 404 496 456 hoc
534 404 728 454 iterum
769 404 972 454 stantes
1010 402 1069 454 in
1105 402 1262 454 litore
1299 405 1484 454 uastos

145 476 437 531 Cernemus
477 477 668 528 fluctus
709 476 946 544 aliasque
984 475 1296 543 rogabimus
1337 474 1530 527 auras?
1826 491 1910 530 130

144 550 187 604 Ο
225 554 342 603 tum
382 552 614 618 quantus
654 565 753 617 ego
794 553 887 601 aut
925 550 1128 616 quanta
1165 547 1352 599 uotiua
1388 549 1616 600 mouebo

141 624 354 676 Plectra
389 624 532 690 lyra!
573 640 693 674 cum
730 640 816 674 me
854 639 1053 690 magna
1091 621 1295 672 ceruice
1332 620 1561 689 ligatum

142 696 373 749 Attolles
411 695 648 748 humeris
689 697 848 764 atque
885 695 944 746 in
980 711 1102 746 mea
1138 696 1358 762 pectora
1394 694 1627 761 primum

142 769 424 821 Incumbes
465 787 492 820 e
530 786 709 836 puppe
747 786 920 820 nouus
961 770 1278 836 seruataque
1315 767 1500 819 reddes

143 841 427 911 Colloquia
463 842 623 910 inque
662 842 835 893 uicem
874 841 1075 893 medios
1113 841 1451 893 narrabimus
1492 859 1678 910 annOS‚
1830 857 1913 896 135

143 916 224 967 Tu
262 915 510 982 rapidum
547 914 865 981 Euphraten
904 916 956 966 et
993 913 1143 982 regia
1181 913 1378 966 Bactra
1418 932 1699 983 sacrasque

142 989 411 1057 Antiquae
450 987 748 1056 Babylonis
790 1005 920 1056 opes
961 991 1015 1038 et
1053 986 1303 1055 Zeugma,
1342 986 1568 1039 Latinae

142 1061 296 1114 Pacis
335 1062 452 1127 iter,
492 1079 652 1130 quam
692 1061 843 1112 dulce
882 1078 1070 1112 nemus
1109 1060 1349 1111 florentis
1387 1059 1626 1129 Idumes3

144 1135 259 1197 Quo
298 1135 536 1202 pretiosa
573 1134 746 1202 Tyros
785 1133 988 1200 rubeat,
1029 1150 1414 1200 quo-purpura
1451 1133 1575 1186 fuco

143 1207 373 1260 Sidoniis
413 1209 608 1259 iterata
647 1206 807 1274 cadiS,
845 1206 939 1257 ubi
979 1205 1220 1273 germine
1260 1206 1440 1273 opimo
1829 1222 1913 1262 140

143 1279 381 1334 Candida
418 1280 604 1332 felices
645 1279 839 1331 sudent
878 1279 1226 1346 opobalsama
1263 1279 1472 1347 uirgae:

142 1355 247 1407 Ast
286 1371 408 1423 eg0,
448 1352 673 1404 deuictis
714 1352 952 1404 dederim
991 1370 1126 1420 quae
1163 1352 1323 1403 busta
1360 1351 1604 1422 Pelasgis

143 1427 357 1490 Quaeue
395 1426 670 1479 laboratas
711 1425 926 1477 claudat
963 1424 1096 1476 mihi
1133 1425 1336 1494 pagina
1375 1425 1606 1479 Thebas,

980 1585 1078 1638 III.

415 1699 796 1747 CONSOLATIO
827 1701 910 1745 AD
943 1699 1261 1744 CLAUDIUM
1290 1700 1630 1747 ETRUSCUM.

143 1791 362 1845 Summa
400 1791 572 1851 deum,
610 1790 806 1859 Pietas,
845 1791 993 1842 cuius
1034 1790 1344 1859 gratissima
1383 1792 1528 1843 caclo

141 1865 284 1918 Rara
322 1865 638 1932 profanatas
677 1865 983 1932 inspectant
1019 1863 1241 1915 numina
1277 1867 1464 1929 terraS‚

139 1938 261 1991 Huc
298 1938 495 1989 uittata
534 1955 743 1989 comam
779 1936 1041 2004 niueoque
1078 1937 1306 2006 insignis
1347 1938 1561 2006 amictU,

143 2011 330 2074 Qualis
370 2011 543 2063 adhuc
581 2028 838 2078 praesens
878 2010 1132 2078 nullaque
1171 2010 1393 2077 expulsa
1430 2014 1720 2064 nocentum

140 2085 348 2136 Fraude
386 2084 541 2136 rudes
580 2083 809 2151 populos
851 2085 1009 2151 atque
1049 2101 1212 2134 aurea
1248 2099 1416 2152 regna
1454 2084 1682 2155 colebas,
1885 2102 1911 2140 5

140 2157 363 2210 Mitibus
395 2157 632 2225 exequiis
673 2156 799 2208 ades
839 2158 893 2207 et
930 2156 1164 2225 lugentis
1202 2155 1419 2209 Etrusci

142 2229 311 2284 Cerne
349 2231 468 2298 pios
506 2230 664 2281 fletus
703 2229 1028 2297 laudataque
1066 2229 1270 2281 lumina
1305 2232 1471 2299 terge.

261 2436 345 2475 128
378 2430 612 2476 discedere
643 2435 681 2473 A
712 2436 755 2486 c,
787 2432 976 2476 correxi.
1009 2433 1024 2487 u
1058 2437 1141 2476 129
1173 2432 1237 2476 At
1265 2436 1324 2476 A:
1356 2434 1423 2476 Ac
1457 2438 1484 2475 c
1510 2435 1518 2490 Ι
1545 2435 1721 2492 uastos]
1754 2450 1915 2481 uersos

142 2491 315 2535 Markl.
341 2491 356 2546 ss
381 2495 467 2534 134
490 2490 765 2533 Incumbens
797 2495 825 2531 c
849 2505 877 2532 a
904 2491 909 2546 Ι
938 2494 1213 2546 seruataque
1245 2496 1530 2546 corruptum;
1558 2497 1669 2547 puto
1702 2497 1910 2550 sperata-

141 2564 230 2606 que
261 2552 276 2606 ΙΙ
317 2554 399 2593 136
433 2549 690 2604 euphraten
721 2552 778 2592 A:
812 2549 1038 2592 eufratem
1070 2554 1098 2591 G
1127 2551 1143 2605 ΙΙ
1177 2554 1259 2593 137
1291 2563 1454 2594 zeuma
1483 2554 1521 2592 A
1554 2556 1581 2592 c
1604 2553 1619 2606 ΙΙ
1654 2556 1736 2595 138
1770 2567 1911 2609 quam

141 2621 240 2664 eqo:
273 2622 365 2664 qua
397 2612 425 2649 c
456 2622 483 2649 a
505 2609 520 2663 fl
545 2612 628 2650 139
665 2606 764 2660 Quo
789 2633 844 2639 —
870 2621 960 2663 quo
993 2634 1047 2639 —
1079 2609 1184 2652 fuco
1217 2607 1502 2652 Gronouius:
1535 2608 1634 2661 Qua
1659 2636 1711 2641 —
1739 2626 1831 2667 qua
1855 2638 1908 2644 —

142 2668 313 2723 suc(c)o
345 2670 374 2708 c
405 2681 433 2708 a
470 2668 485 2721 ΙΙ
526 2670 609 2709 140
642 2665 769 2709 cadis
803 2669 831 2709 ς
850 2684 859 2709 :
886 2666 1019 2710 uadis
1060 2671 1088 2708 c
1119 2682 1147 2709 a
1187 2669 1194 2723 Ι
1237 2667 1338 2724 ubi]
1379 2681 1469 2723 quo
1505 2668 1678 2713 Markl.
1707 2672 1713 2726 Ι
1756 2670 1909 2726 opimo

140 2724 640 2838 geinsius:gprimum
687 2729 715 2766 G
754 2739 781 2766 a
825 2724 976 2780 primo
1028 2725 1317 2783 Peyraredus
1353 2726 1369 2781 ΙΙ
1417 2730 1499 2770 143
1549 2725 1735 2779 Quaene
1783 2733 1820 2770 A
1860 2735 1914 2774 c:

182 2797 361 2839 uaeque
2001 2833 2005 2837 ,

258 2842 339 2885 III.
376 2842 582 2885 Titulum
612 2854 668 2885 επ
697 2846 726 2883 c
757 2841 882 2886 dedi:
916 2840 1096 2886 Claudii
1118 2842 1301 2887 Etrusci
1330 2842 1481 2899 pietas
1506 2859 1534 2886 a
1555 2845 1570 2900 ss
1595 2849 1619 2888 7
1643 2845 1915 2901 lassataque

140 2900 319 2945 lumina
350 2900 572 2945 Handius
