2014 3164
183 224 287 276 118
790 225 839 270 Ρ.
871 225 1099 270 ΡΑΡΙΝΠ
1130 226 1328 272 STATII

441 344 678 397 Maximo
719 361 934 396 carmen
970 347 1191 398 tenuare
1228 348 1406 414 tent03

438 416 598 470 Nunc
637 417 705 469 ab
743 417 961 470 intonsa
999 419 1256 486 capienda
1293 421 1472 487 myrto
1890 435 1944 476 10

442 488 609 558 Serta,
648 507 792 542 nunc
830 491 1002 544 maior
1041 491 1159 544 sitis
1198 494 1252 544 et
1290 492 1552 546 bibendus
1932 502 1935 505 ’

706 561 918 616 Castior
957 565 1142 617 amnis,

441 708 664 770 Quando
703 712 757 762 te
800 710 943 763 dulci
980 708 1135 763 Latio
1174 711 1451 764 remittent

437 780 720 835 Dalmatae
759 786 986 851 monteS,
1023 784 1115 836 ubi
1153 783 1278 836 Dite
1315 785 1434 837 uiso

437 854 673 908 Pallidus
711 855 887 910 fossor
924 856 1062 909 redit
1101 859 1354 926 erutoque
1888 873 1943 913 15

701 927 969 983 Concolor
1007 930 1174 982 auro?

435 1073 575 1127 Ecce
614 1093 699 1127 me
737 1078 924 1128 natum
963 1076 1211 1144 propiore
1248 1079 1392 1129 terra

437 1146 563 1200 Non
600 1151 782 1200 tamen
821 1151 981 1216 portu
1018 1149 1252 1201 retinent
1289 1167 1514 1204 amoeno

435 1219 659 1273 Desides
698 1220 862 1273 Baiae
901 1222 1152 1274 liticenue
1189 1225 1347 1276 notus

707 1293 955 1348 Hectoris
997 1295 1175 1348 armis.
1887 1312 1943 1353 20

436 1423 643 1508 Torpor
682 1443 763 1492 est
799 1441 998 1494 nostris
1039 1442 1153 1494 sine
1191 1444 1246 1494 te
1286 1441 1552 1512 CameniS‚

437 1513 662 1565 Tardius
704 1517 855 1566 sueto
894 1515 1047 1566 uenit
1083 1515 1199 1584 ipse
1240 1514 1546 1584 Thymbrae

434 1586 631 1639 Rector
670 1589 723 1638 et
760 1587 948 1655 primis
987 1605 1137 1640 meus
1177 1606 1295 1642 ecce
1334 1589 1491 1642 metis

697 1659 899 1713 Haeret
934 1660 1186 1714 Achilles.

434 1804 644 1874 Quippe
682 1808 736 1857 te
774 1806 879 1859 fido
919 1808 1184 1860 monitore
1222 1810 1408 1860 nostra
1885 1823 1940 1863 25

434 1877 670 1931 Thebais
710 1879 882 1931 multa
921 1880 1157 1932 cruciata
1194 1880 1323 1932 lima

434 1950 631 2004 Tentat
669 1952 856 2005 audaci
893 1952 994 2005 fide
1032 1952 1357 2006 Mantuanae

698 2024 906 2078 Gaudia
943 2025 1135 2079 famae.

433 2168 535 2222 Sed
574 2170 761 2222 damus
799 2172 946 2225 lento
986 2172 1216 2239 ueniam,
1255 2173 1398 2243 quod
1437 2174 1578 2227 alma

431 2242 589 2295 Prole
629 2244 868 2296 fundasti
906 2262 1103 2298 uacuos
1142 2249 1378 2314 penates,
1883 2261 1940 2301 30

433 2315 477 2368 Ο
517 2316 656 2368 diem
693 2318 916 2370 laetum!
956 2318 1107 2370 uenit
1145 2337 1264 2373 ecce
1302 2320 1461 2374 nobis

696 2389 962 2443 Maximus
1002 2392 1157 2444 alter!

434 2533 652 2588 Orbitas
693 2536 840 2588 omni
877 2537 1134 2605 fugienda
1171 2539 1308 2607 nisu,

432 2608 604 2670 Quam
641 2610 838 2678 premit
875 2610 1016 2663 uotis
1055 2611 1304 2665 inimicus
1342 2612 1510 2681 hereS‚

286 2861 338 2900 11
372 2870 456 2901 nec
480 2847 627 2902 maior
644 2856 817 2902 Markl.
843 2858 859 2913 ss
884 2862 937 2902 19
962 2857 1208 2904 laticemue
1231 2859 1382 2903 motus
1407 2862 1436 2900 G
1460 2873 1500 2915 a,
1525 2871 1638 2903 corr.
1663 2858 1900 2903 Amantius
1921 2857 1938 2917 ΙΙ

166 2919 223 2957 20
255 2915 467 2960 Hectoris
498 2914 645 2959 amnis
678 2919 707 2957 c
739 2931 766 2958 a
