2014 3164
343 214 393 260 P.
426 213 657 260 PAPINII
689 212 888 258 STATII
921 211 1233 258 SILUARUM
1263 212 1313 258 L.
1345 211 1426 268 111,
1460 217 1497 256 1.
1734 211 1803 263 67

10 346 11 389 1
65 353 216 390 enem
260 337 488 404 patrem.
555 333 790 386 Earinus
835 334 1134 400 praeterea,
1181 330 1488 385 Germanici
1532 332 1706 384 nostri
1743 332 1805 383 li-

53 411 244 478 ertus,
290 407 393 461 scit
431 406 686 477 quamdiu
724 404 1047 459 desiderium
1088 405 1202 457 eius
1240 408 1480 458 moratus
1521 404 1644 468 sim,
1683 422 1806 457 cum

8 548 11 555 1
55 482 263 536 etisset
306 483 368 534 ut
411 479 635 549 capillos
676 497 826 543 suos,
873 495 1006 548 quos
1046 495 1168 531 cum
1208 481 1482 547 gemmata
1518 446 1711 548 pyxide
1751 480 1807 531 et

18 555 254 627 gtpeeulo
303 553 370 607 ad
423 552 814 624 Pergamenum
867 551 1179 620 Asclepium
1233 552 1506 620 mittebat,
1558 551 1805 605 uersibus
1837 549 1893 590 25

8 674 9 682 ,
49 629 347 683 edicerem.
401 645 611 682 summa
641 629 724 680 est
753 625 963 697 egloga,
1001 642 1107 694 qua
1138 641 1347 677 mecum
1385 625 1628 679 secedere
1666 623 1806 678 Nea-

52 703 202 758 olim
241 700 520 756 Claudiam
557 717 735 754 meam
773 699 1039 752 exhortor.
1099 698 1211 766 hic,
1258 698 1305 750 si
1344 716 1529 751 uerum
1568 699 1809 767 dicimus,

8 779 9 783 ’
62 793 209 830 ermo
257 778 362 844 est3
413 774 659 845 equidem
707 790 944 841 securus,
991 774 1053 824 ut
1098 788 1217 824 cum
1253 789 1418 825 uxore
1458 775 1513 824 et
1559 773 1650 842 qui
1690 789 1807 840 per-

61 849 254 905 uadere
292 848 452 903 malit
489 865 651 918 quam
688 847 914 916 placere.
972 844 1097 898 huic
1133 845 1419 914 praecipue
1450 845 1633 898 libello
1666 846 1808 898 faue-

8 967 20 995 a
51 923 144 994 ¹is,
204 939 326 976 cum
380 921 518 975 scias
581 920 722 974 hanc
774 919 1190 973 destinationem
1244 918 1440 988 quietis
1495 935 1645 971 meae
1704 917 1807 971 tibi
1839 917 1897 958 3⁰

51 1022 76 1043 ιι
92 996 283 1123 aximqi
309 995 586 1049 intendere
624 1010 815 1065 meque
861 1010 972 1047 non
1018 994 1132 1045 tam
1170 992 1229 1045 in
1266 991 1500 1061 patriam
1538 1009 1700 1063 quam
1739 990 1808 1043 ad

51 1094 83 1117 ἰ
129 1087 245 1124 sece
285 1085 386 1123 ere.
438 1068 575 1124 uale.

743 1170 1096 1180 ——----—

896 1271 937 1326 I.

276 1388 596 1437 HERCULES
629 1387 1058 1434 SURRENTINUS
1091 1384 1291 1432 POLL11
1322 1382 1565 1430 FELICIS.

77 1482 353 1538 ·termissa
388 1480 491 1534 tibi
528 1482 770 1548 renouat,
810 1477 1110 1547 Tirynthie,
1149 1494 1302 1530 sacra

19 1583 21 1586 ⁴
55 1556 239 1612 ollius
279 1558 333 1609 et
371 1571 560 1608 causas
600 1552 847 1621 designat
885 1551 1083 1604 desidis
1124 1550 1266 1618 anni,

53 1630 193 1685 uod
233 1627 422 1683 coleris
461 1626 666 1680 maiore
705 1626 857 1679 tholo
895 1643 993 1678 nec
1031 1625 1192 1676 litora
1230 1639 1436 1691 pauper

90 1704 196 1758 uda
231 1705 383 1756 tenes
421 1702 725 1768 tectumque
764 1699 920 1768 uagis
960 1696 1256 1750 habitabile
1293 1695 1492 1763 nautis,

47 1777 140 1831 ed
177 1775 376 1830 nitidos
414 1775 596 1843 postes
637 1771 898 1841 Graisque
939 1771 1123 1823 effulta
1162 1768 1397 1821 metallis
1873 1779 1900 1821 5

46 1850 300 1920 ulmina,
339 1865 434 1902 ceu
470 1845 644 1900 taedis
683 1845 877 1898 iterum
915 1844 1172 1897 lustratus
1211 1841 1428 1894 honesti

116 1923 186 1977 is
226 1890 300 1976 ab,
334 1919 535 1975 Oetaea
573 1918 943 1992 conscenderis
983 1916 1203 1970 aethera
1240 1915 1471 1968 flamma.

50 1998 146 2068 ἶΙ
183 1995 350 2050 oculis
390 1981 676 2063 animoque
715 1992 860 2045 fides.
922 1994 1051 2043 tune
1090 1990 1181 2042 ille
1220 1988 1413 2041 reclusi

41 2081 46 2110 ῑ
82 2070 263 2125 iminis
303 2071 357 2122 et
393 2084 593 2136 paruae
631 2067 808 2118 custos
847 2064 1109 2134 inglorius
1150 2061 1310 2115 arae?

47 2144 194 2198 flnde
230 2142 365 2196 haec
404 2139 529 2194 aula
565 2156 749 2192 recens
786 2138 1072 2207 fulgorque
1111 2136 1363 2205 inopinus
1403 2134 1604 2203 agresti
1847 2146 1902 2186 10

37 2237 69 2265 ιι
113 2215 296 2271 cidae?
359 2217 486 2268 sunt
522 2213 638 2266 fata
676 2211 847 2277 deum,
886 2215 1010 2264 sunt
1046 2211 1162 2262 fata
1199 2210 1460 2262 locorum!

38 2295 74 2337 ΣΟ
124 2291 283 2343 uelox
323 2287 524 2357 pietas!
586 2284 792 2338 steriles
830 2253 919 2338 hic
955 2302 1125 2352 nuper
1161 2282 1393 2335 harenas

47 2384 49 2386 ·
92 2383 120 2417 c
160 2379 404 2433 sparsum
442 2359 634 2429 pelago
675 2359 872 2411 montis
911 2357 1054 2410 latus
1093 2356 1341 2426 hirtaque
1374 2355 1547 2407 dumis

12 2433 180 2491 *Saxa
216 2454 316 2489 nec
354 2434 465 2487 ulla
501 2433 617 2502 pati
654 2431 841 2484 faciles
879 2430 1111 2500 uestigia
1148 2433 1319 2482 terras

15 2513 47 2575 „f
87 2527 269 2564 ernere
308 2510 436 2562 erat.
499 2523 761 2576 quaenam
802 2504 978 2557 subito
1018 2503 1237 2556 fortuna
1273 2503 1510 2571 rigentes
1849 2512 1903 2551 15

15 2581 251 2638 uitauit
287 2579 574 2651 scopulos?
634 2578 867 2647 Tyrione
904 2578 1038 2630 haec
1076 2577 1286 2629 moenia
1323 2576 1530 2644 plectro

158 2747 214 2787 22
246 2739 430 2786 eatinus
461 2743 520 2784 A.
551 2739 723 2784 ierinus
756 2743 784 2779 c
807 2739 822 2794 ΙΙ
846 2741 902 2780 23
936 2735 1013 2780 dei
1039 2739 1143 2792 post
1166 2734 1432 2779 Germanici
1461 2735 1658 2778 inseruit
1678 2733 1813 2777 Dom.

22 2811 51 2852 ξ
87 2806 142 2846 27
174 2799 268 2845 dici
297 2799 370 2844 uis
399 2799 666 2843 Bursianus

39 2867 42 2870 '
157 2861 190 2905 Ι.
225 2863 252 2904 9
282 2857 478 2903 Liminis
508 2861 566 2901 A·
598 2855 806 2900 Luminis
831 2859 860 2896 0
882 2855 898 2910 11
924 2858 977 2897 13
1001 2853 1074 2897 Ad
1107 2866 1317 2909 sparsum
1349 2857 1392 2909 c,
1424 2852 1611 2896 correxi.
1643 2850 1815 2906 Asper·

173 2933 202 2962 a

1394 2986 1454 3027 5*
