2014 3164
655 219 966 265 SILUARUM
997 219 1048 266 L.
1081 219 1160 278 IV,
1191 225 1232 265 3.
1726 222 1822 275 101

67 338 236 409 Saepe
275 338 545 394 coronatis
584 338 746 392 iteres
785 339 1146 409 quinquennia
1181 340 1391 395 lustrisl

67 411 185 476 Qua
221 411 357 466 mihi
393 410 579 466 felices
620 411 804 481 epulas
843 429 1164 482 mensaeque
1203 412 1393 468 dedisti

23 482 227 539 'Sacra
264 487 404 555 tuae,
439 485 564 539 talis
602 485 767 556 longo
805 488 934 555 post
969 488 1209 555 tempore
1247 489 1397 541 uenit

23 553 47 617 Ὺ»
66 557 182 612 Lux
218 557 368 628 mihi,
405 556 669 613 Troianae
707 559 879 629 qualis
921 559 1019 613 sub
1059 559 1286 612 collibus
1318 561 1506 630 Albae,
1774 574 1829 615 65

23 647 30 661 ”
66 629 200 686 Cum
238 630 396 686 modo
428 629 725 686 Germanas
765 632 905 686 acies
945 632 1104 686 modo
1145 631 1296 687 Daca
1335 637 1619 687 sonantem

18 728 22 741 ’·
64 703 275 759 Praelia
311 703 551 759 Palladio
583 708 678 760 tua
714 723 799 759 me
838 724 1029 759 manus
1068 706 1244 760 induit
1282 725 1426 762 auro.

904 940 999 994 III.

697 1054 803 1100 UIA
840 1055 1201 1102 DOMITIANA.

331 1159 461 1224 Quis
501 1159 621 1215 duri
659 1161 821 1215 silicis
861 1161 1147 1232 granisque
1184 1162 1311 1216 ferri

327 1233 587 1289 Immanis
626 1252 790 1288 sonus
831 1235 1050 1304 aequori
1087 1237 1446 1306 propinquum

331 1305 564 1362 Saxosae
602 1307 743 1361 latus
783 1306 991 1377 Appiae
1030 1309 1293 1377 repleuit?

330 1379 487 1436 Certe
523 1398 636 1436 non
673 1380 908 1450 Libycae
948 1385 1145 1435 sonant
1182 1385 1443 1452 cateruae,

328 1452 444 1509 Nee
483 1454 589 1509 dux
628 1455 835 1508 aduena
872 1454 1150 1524 peierante
1188 1456 1334 1510 bello
1807 1470 1837 1511 5

332 1526 637 1598 Campanos
677 1529 853 1598 quatit
889 1529 1161 1598 inquietus
1201 1546 1376 1600 agros,

329 1598 444 1656 Nee
480 1601 685 1671 frangit
721 1601 861 1655 uada
899 1602 1277 1673 montibusque
1317 1604 1486 1657 eaesis

329 1673 542 1729 Indueit
578 1673 723 1729 Nero
763 1675 1007 1728 sordidas
1047 1676 1282 1745 paludes,

335 1746 439 1802 Sed
478 1748 569 1819 qui
606 1748 794 1802 limina
831 1749 1088 1802 bellicosa
1125 1750 1241 1803 Iani

331 1820 496 1875 Iustis
534 1822 745 1891 legibus
785 1825 840 1875 et
877 1822 996 1875 foro
1037 1827 1274 1892 coronat,
1779 1837 1837 1879 10

332 1893 435 1958 Qui
475 1897 654 1949 castae
694 1892 874 1948 Cereri
914 1895 1004 1948 diu
1039 1900 1240 1966 negata

331 1966 526 2030 Reddit
561 1968 748 2039 iugera
787 1969 1100 2038 sobriasque
1138 1973 1326 2040 terraS,

334 2040 438 2104 Qui
474 2041 674 2095 fortem
710 2044 860 2095 uetat
897 2042 1117 2096 interire
1157 2062 1341 2097 sexum

332 2113 409 2167 Et
446 2132 635 2168 censor
671 2114 922 2184 prohibet
959 2134 1134 2169 mares
1174 2117 1384 2171 adultos

332 2187 595 2242 Pulchrae
626 2188 947 2258 supplicium
986 2189 1174 2243 timere
1204 2191 1424 2260 formae,
1781 2206 1837 2246 15

336 2260 440 2324 Qui
476 2260 651 2315 reddit
689 2260 954 2330 Capitolio
994 2262 1294 2317 Tonantem

333 2333 407 2388 Et
442 2352 630 2404 pacem
667 2335 884 2404 propria
923 2335 1081 2390 domo
1120 2339 1348 2407 reponit,

337 2407 440 2471 Qui
479 2409 629 2479 genti
666 2409 875 2477 patriae
913 2409 1096 2462 futura
1127 2428 1337 2480 semper

337 2479 520 2535 Saneit
558 2482 793 2535 eulmina
831 2481 1182 2552 Flauiumque
1221 2485 1445 2538 cultum:

191 2732 246 2774 66
277 2726 394 2773 daea
422 2731 462 2772 Δ
485 2731 536 2773 ς;
567 2728 748 2786 fla(e)ea
779 2730 846 2786 011
870 2735 925 2774 67
956 2728 1120 2775 induet
1148 2735 1188 2774 Δ
1218 2736 1247 2774 c

147 2844 151 2846 Y
188 2785 266 2832 111.
320 2790 348 2832 2
388 2787 599 2843 aequoris
638 2792 733 2854 (2.8
761 2789 778 2844 ΙΙ
811 2793 862 2832 11
899 2788 1010 2842 Quis
1041 2791 1161 2846 Ac,
1191 2803 1307 2838 corr.
1338 2790 1513 2849 Dom.ss
1547 2798 1600 2837 19
1633 2792 1837 2839 culmina

55 2843 495 2958 ‚>{⁰3²⁷g3³.⁸‘22{¹g¹33²0
523 2849 554 2947 ἓ
585 2845 766 2950 {m
793 2851 888 2950 {013
929 2847 1362 2953 Lassfflmmffliw‘
1398 2852 1483 2906 (εἷ’
1534 2852 1634 2900 Μ
1674 2851 1834 2898 mm·
