1994 3112
16 2932 55 3003 ‘a

45 3008 53 3033 ῐ

664 231 949 279 EDITORIS
981 231 1339 278 PRAEFATIO.
1812 245 1896 274 1111

133 358 316 409 tamen
351 369 600 423 acumen,
637 356 699 407 ut
734 352 847 406 fere
885 351 971 420 fit,
1007 350 1153 405 haud
1191 368 1313 405 raro
1350 349 1509 404 nimis
1547 349 1638 403 ille
1668 348 1899 401 intendit

133 444 300 498 eoque
359 426 550 481 relicta
610 425 843 495 simplici
896 424 1124 478 ueritate
1178 424 1244 477 ad
1305 423 1445 477 falsa
1497 422 1747 491 delapsus
1801 425 1899 475 est.

58 495 61 509 ³
133 491 376 570 exemplo
415 515 528 554 rem
567 498 860 553 ostendam.
898 497 1019 551 silu.
1050 496 1076 550 I
1108 497 1158 566 3,
1190 496 1263 551 50
1294 514 1371 566 sq.
1408 496 1541 550 haec
1570 495 1735 565 uulgo
1774 498 1899 547 ante

53 647 55 651 ‚
131 575 372 628 nostram
413 572 703 626 editionem
741 570 1078 641 legebantur:

342 699 573 760 Quicquid
605 702 654 748 et
685 701 877 759 argento
908 699 1109 759 primum
1140 699 1217 745 uel
1246 699 1294 744 in
1325 712 1430 745 aere
1461 696 1666 756 Myronis

338 758 474 806 Lusit
502 761 551 805 et
581 772 789 805 enormes
820 772 985 804 manus
1017 761 1064 804 et
1095 760 1288 816 experta
1317 757 1532 803 colossos.

50 919 51 922 ¹
134 894 302 949 sensit
338 891 684 947 Marklandus
723 892 1005 963 Myronem
1052 910 1161 946 non
1198 894 1341 945 recte
1381 908 1623 944 enormes
1664 891 1902 945 colossos

134 970 411 1038 expertum
451 984 568 1021 esse
617 966 721 1020 dici
761 967 910 1036 (nam
949 965 1195 1020 Romana
1234 968 1376 1019 certe
1416 964 1712 1033 antiquitas
1751 964 1902 1034 igno-

51 1080 53 1083 >
131 1040 275 1095 rauit
299 1038 414 1094 eius
449 1041 580 1110 ἔργα
618 1036 957 1110 κολοσσικά),
997 1039 1088 1092 sed
1113 1038 1274 1092 nimis
1300 1040 1415 1091 erat
1439 1040 1627 1091 acutus
1653 1036 1904 1107 adiciens,

51 1153 54 1159 -
133 1113 358 1169 colossis
397 1113 506 1167 illis
545 1131 655 1167 non
692 1114 867 1167 locum
906 1112 1072 1167 fuisse
1105 1113 1248 1166 intra
1278 1109 1499 1181 Uopisci
1538 1110 1722 1179 aedes3
1761 1128 1902 1164 cum·

52 1208 56 1242 ;
133 1204 236 1259 que
273 1203 436 1258 porro
475 1203 540 1240 ex
569 1186 813 1257 Myronis
845 1185 1353 1240 commemoratione
1392 1184 1731 1238 concluderet
1768 1184 1903 1238 alios

134 1278 344 1333 quoque
384 1259 615 1314 artifices
655 1262 992 1329 praestantes
1023 1259 1343 1314 nominatim
1374 1257 1541 1311 fuisse
1574 1257 1904 1327 adferendos,

131 1333 217 1388 his
250 1333 475 1404 aliisque
507 1332 682 1388 causis
718 1333 783 1386 ad
819 1334 962 1387 iusto
994 1333 1318 1387 uiolentiora
1348 1331 1616 1385 molienda
1646 1330 1903 1385 adductus

135 1409 231 1462 est.
299 1406 539 1476 neglexit
575 1406 742 1477 igitur
780 1406 1078 1476 simplicem
1116 1405 1607 1473 ratiocinationem,
1647 1422 1783 1474 quae
1821 1409 1906 1458 est

133 1480 287 1535 haec:
337 1478 576 1550 Myronis
623 1479 861 1533 colossos
908 1497 1018 1533 non
1072 1479 1315 1549 cognitos
1369 1478 1605 1531 habuere
1652 1477 1904 1549 Romani3

33 1555 45 1603 ιθ
132 1570 240 1609 non
290 1556 419 1623 apta
465 1556 549 1607 est
594 1553 750 1606 unius
801 1553 1024 1606 alicuius
1081 1552 1302 1606 artificis
1357 1551 1794 1605 commemoratio
1848 1551 1903 1605 in

40 1645 41 1649 ¹
133 1630 249 1682 tam
294 1626 532 1698 generali
578 1626 847 1680 uariorum
899 1644 1119 1695 operum
1174 1624 1619 1694 metallorumque
1673 1625 1903 1694 descrip-

133 1701 304 1770 tione3
353 1699 580 1753 absurde
618 1699 759 1752 inter
805 1717 860 1752 se
907 1701 1252 1768 opponuntur
1289 1714 1375 1751 aes
1420 1701 1533 1750 tam
1572 1697 1713 1751 nude
1761 1698 1903 1767 posi-

32 1766 51 1828 ἕξ
134 1777 250 1828 tum
304 1775 358 1827 et
384 1835 389 1838 ,
412 1788 639 1826 enormes
693 1772 895 1841 colossi,
950 1772 1147 1842 quippe
1195 1771 1286 1842 qui
1326 1789 1389 1824 ex
1428 1775 1549 1824 ‘aere
1595 1771 1905 1841 plerumque

61 1887 65 1890 -
135 1846 467 1918 fingerentur
507 1848 563 1899 et
600 1845 720 1914 ipsi.
798 1862 861 1898 ex
899 1844 985 1898 his
1025 1844 1325 1898 rationibus
1367 1844 1628 1914 equidem,
1666 1844 1759 1897 ubi
1798 1845 1904 1913 pri-

135 1937 282 1974 mum
314 1922 437 1972 ante
469 1917 570 1972 hos
603 1921 724 1972 octo
759 1936 925 1971 annos
959 1916 1192 1972 Statium
1233 1918 1409 1988 attigi,
1449 1919 1525 1971 sic
1566 1917 1902 1971 scribendum

61 2058 63 2063 .
134 1992 344 2064 putaui:

343 2135 573 2194 Quicquid
605 2137 654 2181 et
684 2137 879 2193 argento
909 2135 1126 2192 primum,
1157 2135 1233 2181 uel
1262 2135 1312 2180 in
1342 2148 1449 2180 aere
1478 2137 1651 2181 minore

340 2195 476 2240 Lusit
504 2196 554 2240 et
584 2208 792 2240 enormes
822 2207 987 2239 manus
1020 2196 1091 2240 est
1120 2196 1312 2251 experta
1342 2194 1557 2239 colossos.

10 2334 12 2339 '
59 2358 61 2363 v
138 2331 246 2384 iam
292 2329 433 2383 enim
482 2331 626 2382 recte
675 2346 738 2381 ex
785 2330 1055 2383 contrario
1103 2329 1208 2382 sibi
1265 2329 1486 2382 obstant
1536 2345 1661 2382 aera
1704 2331 1909 2383 minora

138 2406 193 2457 et
237 2417 463 2457 enormes
507 2402 685 2456 colossi
728 2401 940 2471 iamque
986 2406 1129 2456 recte
1191 2402 1286 2455 illa
1333 2403 1530 2470 lusisse,
1582 2402 1682 2455 hos
1737 2403 1909 2456 multa

139 2477 343 2530 scilicet
388 2492 508 2529 cum
555 2492 682 2528 cura
727 2479 932 2542 experta
978 2493 1094 2530 esse
1141 2476 1408 2529 artificum
1454 2493 1644 2528 manus
1691 2475 1908 2546 dicitur3

12 2528 66 2601 ¹'‘J“
139 2548 507 2619 accipiendum
549 2552 633 2602 est
672 2551 852 2601 autem
891 2548 1024 2602 illud
1065 2548 1334 2618 ‘primum'
1376 2549 1770 2619 significatione
1799 2567 1910 2602 non

28 2699 30 2708 γ
57 2623 59 2626 ’
139 2622 401 2680 inusitata
422 2639 519 2691 pro
545 2620 900 2690 ‘primarium'
934 2621 1264 2692 adiciturque
1296 2626 1423 2690 post
1455 2621 1745 2691 ‘quicquid’
1776 2622 1909 2675 illud

141 2695 402 2750 ‘enormes
433 2694 691 2750 colossos’
731 2695 1128 2749 constructione
1168 2695 1383 2765 quidem
1422 2695 1690 2764 liberiore,
1730 2694 1822 2748 sed
1852 2696 1909 2748 in

141 2766 316 2823 Statio
368 2768 664 2823 toleranda.
745 2786 844 2821 nec
888 2769 1230 2823 mediocriter
1280 2768 1457 2822 hercle
1510 2769 1728 2838 gauisus
1777 2786 1910 2835 sum,

15 2893 17 2912 A
61 2841 67 2844 ’
141 2859 260 2896 cum
311 2842 450 2895 hanc
501 2842 861 2894 coniecturam
913 2846 1102 2911 postea
1153 2842 1222 2896 ab
1284 2843 1415 2911 ipsis
1470 2841 1742 2894 codicibus
1797 2842 1909 2895 uidi

32 2938 35 2946 ¹
68 2915 71 2919 ’
141 2914 532 2990 confirmatam3
583 2914 836 2967 exhibent
883 2916 1023 2968 enim
1066 2915 1170 2969 ‘uel
1207 2916 1265 2968 in
1302 2933 1422 2968 aere
1462 2914 1695 2984 minori',
1731 2915 1907 2968 fluxit-
