2014 3164
176 181 248 233 34
777 179 827 223 P.
858 178 1086 222 PAPINII
1117 178 1316 223 sTATn

438 298 516 351 Ut
553 314 760 366 pugnas
800 297 943 364 capit
978 298 1236 366 inprobus
1275 298 1482 350 uiriles!

441 371 644 424 Credas
674 370 741 421 ad
779 369 1005 422 Tanaim
1042 370 1316 439 ferumque
1353 370 1573 424 Phasim
1883 385 1938 425 55

438 443 944 495 Thermodontiaeas
983 444 1152 495 calere
1190 447 1412 495 turmas.

438 516 543 568 Hic
581 516 755 567 audax
794 516 940 568 subit
978 516 1106 568 ordo
1145 516 1492 584 pumilorum,

440 588 584 650 Quos
622 591 819 641 natura
857 589 1035 641 breuis
1077 589 1260 640 statim
1298 592 1515 656 peracta

437 661 717 714 Nodosum
757 663 920 714 semel
957 663 1014 713 in
1053 662 1271 731 globum
1309 662 1514 730 ligauit.

438 735 624 787 Edunt
660 753 881 787 munera
919 737 1307 803 conseruntque
1345 735 1558 787 dextras
1885 750 1942 790 60

439 808 513 860 Et
549 810 777 860 mortem
817 808 920 859 sibi
959 805 1090 877 (qua
1127 805 1338 877 manul)
1375 809 1665 862 minantur.

440 881 602 933 Ridet
638 880 783 932 Mars
821 883 975 948 pater
1014 884 1068 932 et
1105 884 1328 933 cruenta
1365 880 1576 950 Uirtus,

441 953 779 1022 Casuraeque
818 954 972 1023 uagis
1013 970 1172 1022 grues
1210 954 1413 1022 rapinis

439 1027 707 1079 Mirantur
743 1027 972 1095 pumilos
1009 1027 1310 1079 ferociores

440 1099 556 1151 Iam
594 1100 767 1152 noctis
806 1100 1148 1168 propioribus
1189 1100 1287 1152 sub
1327 1099 1532 1153 umbris
1887 1116 1942 1155 65

440 1172 605 1225 Diues
645 1174 850 1240 sparsio
891 1191 1024 1241 quos
1066 1173 1183 1241 agit
1218 1173 1500 1225 tumultus!

439 1245 560 1297 Huc
599 1246 1029 1298 intrant-faciles
1069 1245 1174 1297 emi
1211 1247 1444 1314 puellae,

440 1318 543 1370 Hic
582 1319 891 1386 agnoscitur
930 1337 1109 1386 omne,
1149 1319 1289 1386 quod
1327 1319 1554 1371 theatris

440 1390 554 1443 Aut
591 1391 766 1443 forma
803 1392 978 1459 placet
1016 1394 1109 1443 aut
1144 1392 1403 1459 probatur
1441 1394 1570 1445 arte.

440 1463 558 1516 Hoc
596 1464 858 1532 plaudunt
896 1481 1058 1533 grege
1097 1463 1293 1531 Lydiae
1330 1467 1614 1533 tumenteS,
1890 1480 1944 1520 70

441 1537 541 1589 Illo
582 1537 827 1605 cymbala
870 1537 1215 1606 tinnulaeque
1256 1536 1452 1605 Gades3

440 1610 557 1662 Illic
596 1611 813 1679 agmina
850 1610 1188 1662 confremunt
1226 1608 1504 1680 Syrorum,

438 1682 543 1736 Hic
581 1684 732 1751 plebs
773 1683 981 1735 scenica
1020 1683 1213 1752 quique
1252 1684 1593 1736 comminutis

441 1756 756 1808 Permutant
792 1756 978 1807 uitreis
1018 1756 1233 1825 gregale
1273 1756 1509 1824 sulphur.

441 1828 588 1880 Inter
627 1847 760 1897 quae
800 1828 978 1880 subito
1018 1828 1216 1881 cadunt
1252 1829 1435 1881 uolatu
1890 1844 1944 1884 75
2004 1879 2005 1889 ,

442 1901 742 1953 Immensae
782 1902 1060 1953 uolucrum
1098 1919 1193 1969 per
1231 1905 1378 1953 astra
1414 1903 1607 1971 nubeS,

443 1974 586 2036 Quas
625 1973 784 2027 Nilus
825 1993 974 2027 sacer
1010 1974 1364 2043 horridusque
1401 1974 1608 2043 Phasis,

445 2047 587 2109 Quas
626 2047 730 2100 udo
770 2046 1033 2100 Numidae
1071 2048 1261 2116 legunt
1299 2049 1397 2100 sub
1438 2052 1635 2102 austro,
1691 2064 1705 2071 ²

441 2121 652 2173 Desunt
690 2121 781 2190 qui
819 2121 1056 2189 rapiant,
1096 2121 1350 2189 sinusque
1387 2121 1535 2189 pleni

443 2192 702 2262 Gaudent,
741 2193 867 2245 dum
904 2211 1046 2246 noua
1082 2194 1234 2246 lucra
1272 2198 1663 2263 comparantur.
1888 2210 1945 2250 80

359 2278 361 2280 ’
448 2267 666 2319 Tollunt
702 2267 1008 2319 innumeras
1049 2267 1116 2319 ad
1155 2269 1302 2319 astra
1337 2285 1519 2336 uoceS,

446 2338 756 2392 Saturnalia
792 2340 1046 2408 principis
1087 2342 1340 2393 sonantes
1351 2382 1365 2408 ,

442 2413 516 2465 Et
554 2413 693 2465 dulci
733 2413 1008 2465 dominum
1045 2413 1230 2465 fauore
1269 2414 1528 2466 clamant:

442 2486 561 2538 Hoc
600 2486 771 2538 solum
810 2486 982 2538 uetuit
1018 2486 1176 2538 licere
1216 2484 1426 2539 Caesar.

443 2558 680 2612 Uixdum
719 2559 933 2611 caerula
970 2577 1078 2612 nox
1116 2559 1332 2612 subibat
1370 2561 1574 2629 orbem,
1890 2573 1946 2613 85

299 2752 355 2792 54
395 2747 460 2792 Ut
497 2751 525 2789 c
557 2762 606 2790 a:
645 2746 707 2791 Et
746 2747 842 2791 edd.
882 2748 898 2803 n
936 2750 991 2791 58
1032 2748 1210 2792 statura
1247 2745 1438 2791 Guietus
1475 2748 1482 2803 ι
1522 2749 1732 2803 peractos
1773 2748 1946 2793 Grono-
2000 2720 2003 2725 ⁴

179 2807 287 2850 ‘wius
324 2807 340 2861 ΙΙ
378 2811 433 2850 60
465 2819 656 2850 munera
685 2806 870 2861 scripsi:
908 2806 1103 2850 uulnera
1133 2811 1161 2848 G
1192 2821 1220 2848 a
1255 2807 1271 2862 ΙΙ
1308 2811 1363 2850 61
1397 2820 1489 2862 qua
1513 2807 1769 2851 Auantius:
1808 2823 1948 2864 quam

181 2870 209 2907 c
241 2881 268 2907 a
290 2866 305 2922 ΙΙ
330 2870 385 2909 70
417 2864 634 2909 timentes
667 2869 695 2906 c
726 2879 767 2920 a,
799 2877 911 2909 corr.
943 2865 1077 2909 Dom.
1101 2865 1117 2920 ΙΙ
1142 2870 1194 2909 71
1227 2864 1314 2909 Illo
1348 2865 1545 2909 Markl.:
1575 2865 1678 2910 Illic
1709 2870 1737 2908 c
1768 2881 1795 2908 a
1998 2865 2002 2878 '
