2014 3164
177 186 281 239 132
780 188 831 233 Ρ.
862 188 1090 234 PAPINII
1121 190 1323 236 STATII

170 305 323 359 Mens
362 307 523 374 uidet,
560 308 711 359 illum
752 309 926 376 aegris
966 309 1256 363 circumdat
1292 311 1506 365 fortiter
1542 315 1680 367 ulnis

170 379 432 432 Immotas
472 381 697 433 obuersa
736 397 915 449 genaS,
953 399 1050 434 nec
1091 383 1200 435 sole
1239 402 1485 452 supremo

171 452 413 520 Lumina,
454 453 544 506 sed
583 453 724 505 dulci
760 455 966 506 mauult
1005 456 1199 508 satiare
1237 458 1445 512 marito.
1853 477 1936 517 175

172 525 319 579 Tunc
360 527 436 578 sic
473 527 787 578 unanimum
824 528 1055 580 moriens
1095 529 1300 582 solatur
1338 534 1634 586 amantem:

173 599 324 652 ‘Pars
364 601 575 652 animae
614 599 821 652 uictura
857 619 1021 669 meae,
1060 603 1144 654 0111
1181 603 1422 672 linquere
1459 623 1672 674 possem

172 672 216 725 O
255 673 477 741 utinam,
517 691 648 742 quos
689 673 821 725 dura
858 674 991 726 mihi
1027 675 1171 743 rapit
1208 675 1447 746 Atropos
1457 720 1471 747 ,
1511 697 1700 733 annos:

170 746 353 812 Parce,
390 764 589 815 precor,
629 746 878 815 lacrimiS,
918 765 1076 800 saeuo
1116 766 1214 802 nec
1254 753 1474 804 concute
1511 752 1731 821 planctu

170 819 410 888 Pectora,
448 837 546 871 nec
585 819 762 872 crucia
797 820 1093 889 fugientem
1133 823 1374 892 coniugis
1411 825 1670 879 umbram.
1853 842 1936 883 180
1992 874 1996 878 .

169 891 379 961 Linquo
414 892 656 961 equidem
685 893 952 947 thalamos
984 891 1158 964 (saluo
1188 898 1371 949 tamen
1402 898 1611 969 ordine)
1642 905 1875 955 maestos
1930 910 1933 913 '

171 965 340 1030 Quod,
361 966 527 1034 prior:
567 967 719 1035 exegi
756 967 922 1036 longa
958 968 1175 1036 potiora
1213 973 1425 1023 senecta

171 1032 461 1108 Tempora3
501 1039 610 1092 uidi
653 1040 799 1091 omni
836 1040 1042 1107 pridem
1079 1044 1135 1093 te
1172 1041 1301 1094 flore
1338 1043 1613 1114 nitentem,

169 1111 295 1165 Uidi
336 1113 474 1164 altae
512 1113 732 1180 propius
772 1114 1096 1182 propiusque
1136 1114 1381 1168 accedere
1421 1116 1647 1172 dextrae.

167 1184 292 1238 Non
329 1186 387 1237 in
424 1188 479 1237 te
518 1186 660 1253 fatis,
699 1203 811 1237 non
848 1187 958 1238 iam
1000 1187 1316 1241 caelestibus
1355 1189 1480 1243 ullis
1852 1208 1935 1248 185

168 1258 491 1310 Arbitrium:
532 1276 739 1310 mecum
777 1259 883 1311 ista
919 1259 1048 1312 fero.
1108 1264 1170 1313 tu
1206 1261 1377 1315 limite
1416 1267 1605 1332 coepto

169 1331 348 1383 Tende
385 1332 559 1383 libens
600 1349 915 1401 sacrumque
953 1333 1094 1386 latus
1134 1335 1452 1405 geniumque
1490 1341 1766 1405 potentem

166 1404 503 1474 Inrequietus
542 1423 678 1458 ama.
737 1424 895 1473 nunc,
933 1407 1074 1476 quod
1112 1408 1261 1476 cupis
1298 1409 1413 1477 ipse
1450 1410 1634 1480 iuberi,

167 1477 252 1530 Da
291 1479 593 1546 capitolinis
635 1481 909 1531 aeternum
949 1480 1161 1533 sedibus
1201 1500 1406 1551 aurum,
1652 1528 1656 1531 .

169 1551 284 1613 Quo
325 1553 495 1604 niteat
534 1553 671 1604 sacri
710 1555 931 1605 centeno
971 1553 1203 1621 pondere
1240 1556 1420 1608 uultus
1852 1574 1934 1614 190

169 1622 430 1694 Caesaris,
470 1627 524 1677 et
553 1625 799 1694 propriae
839 1626 1018 1696 signes
1058 1627 1291 1681 cultricis
1331 1647 1582 1683 amorem.

168 1697 255 1750 Sic
295 1715 394 1767 ego
435 1716 533 1751 nec
571 1698 760 1751 Furias
798 1717 896 1752 nec
935 1699 1197 1753 deteriora
1234 1701 1426 1755 uidebo

168 1771 395 1823 Tartara
434 1775 487 1823 et
524 1771 742 1840 Elysias
780 1772 911 1825 felix
952 1773 1205 1826 admittar
1241 1775 1299 1827 in
1337 1775 1492 1829 oras?

166 1843 316 1897 Haec
354 1845 484 1897 dicit
521 1845 707 1897 labens
749 1846 1024 1915 sociosque
1063 1849 1402 1915 amplectitur
1440 1853 1587 1903 artus

166 1917 599 1987 Haerentemque
639 1919 875 1970 animam
913 1937 1024 1972 non
1061 1921 1233 1973 tristis
1272 1922 1330 1974 in
1369 1940 1465 1974 ora
1502 1924 1683 1976 mariti
1850 1939 1932 1980 195

167 1991 464 2044 Transtulit
504 1994 557 2043 et
594 2009 718 2044 cara
756 1993 953 2059 pressit
991 2011 1087 2046 sua
1123 1994 1327 2047 lumina
1365 1995 1564 2049 dextra.

164 2063 242 2116 At
278 2065 487 2117 iuuenis
526 2081 723 2134 magno
762 2065 1065 2118 flammatus
1104 2070 1319 2135 pectora
1361 2068 1508 2122 luctu

165 2136 323 2190 Nunc
361 2138 550 2207 implet
588 2156 748 2191 saeuo
787 2138 976 2192 uiduos
1015 2140 1246 2194 clamore
1283 2145 1521 2211 penateS,

164 2209 323 2264 Nunc
360 2211 562 2263 ferrum
601 2212 781 2264 laxare
819 2213 979 2280 cupit,
1013 2231 1159 2281 nunc
1197 2214 1364 2268 ardua
1401 2216 1574 2270 tendit

163 2283 230 2336 In
267 2285 386 2337 loca
425 2282 538 2354 (uix
575 2285 808 2337 retinent
845 2285 1106 2356 comites),
1142 2305 1285 2341 1111110
1323 2306 1414 2342 ore
1452 2289 1621 2359 ligato
1846 2304 1931 2347 200

164 2357 393 2410 Incubat
431 2358 658 2410 amissae
696 2376 1033 2429 mersumque
1071 2361 1131 2412 in
1168 2361 1326 2414 corde
1365 2361 1601 2416 dolorem

166 2429 367 2483 Saeuus
409 2431 520 2500 alit,
558 2431 729 2500 qualis
769 2436 1051 2501 conspecto
1091 2434 1333 2505 coniugis
1371 2436 1484 2506 igni

285 2727 368 2766 177
422 2721 594 2779 possim
640 2726 669 2764 0
700 2737 741 2778 a,
788 2736 901 2768 corr.
951 2724 1124 2769 Markl.
1169 2726 1186 2781 ΙΙ
1232 2728 1314 2769 181
1357 2726 1527 2770 mestos
1571 2730 1629 2771 A:
1676 2729 1815 2773 motis
1859 2731 1931 2774 uel

164 2781 356 2825 moestis
389 2785 418 2822 c
449 2780 599 2825 noctis
631 2784 660 2824 ς
683 2782 700 2837 ΙΙ
725 2784 806 2825 189
839 2782 909 2826 Da
940 2786 990 2827 c:
1022 2783 1090 2827 De
1123 2787 1152 2827 ς
1184 2798 1212 2826 a
1241 2785 1257 2840 ΙΙ
1282 2788 1365 2828 190
1397 2784 1577 2830 niteant
1609 2786 1781 2832 Markl.
1805 2789 1822 2844 ΙΙ
1846 2793 1927 2832 191

164 2840 318 2897 signet
349 2843 378 2881 G
415 2855 455 2895 a,
488 2841 676 2884 correoei.
711 2840 844 2896 signa
870 2841 1043 2886 Markl.
1067 2843 1192 2898 11202
1224 2842 1311 2886 alit
1341 2843 1540 2889 Markl..·
1571 2844 1671 2902 agit
1695 2850 1766 2889 ca
1792 2849 1798 2903 Ι
1826 2860 1929 2891 con-

165 2899 325 2954 specta
355 2899 549 2955 coniuge
581 2898 731 2955 segnis
762 2903 792 2940 G
823 2913 862 2954 a,
895 2912 1008 2946 corr.
1039 2901 1268 2945 Barthius
