2014 3164
690 213 1000 261 SILUARUM
1031 213 1082 260 L.
1114 214 1171 271 11,
1203 218 1244 260 6.
1775 215 1847 268 57

87 335 144 392 Si
171 337 286 390 tam
316 334 449 390 dura
477 335 707 404 placent,
743 333 1016 388 hominem
1048 333 1336 402 exprobret
1374 330 1448 404 (ei
1484 333 1640 387 mihi!
1681 334 1849 389 subdo

84 409 207 479 Ipse
244 405 428 480 faces),
463 407 752 477 hominem,
788 405 942 476 Urse,
977 408 1146 475 tuum,
1184 407 1269 459 cui
1306 406 1457 460 dulce
1494 408 1699 461 uolenti
1795 421 1850 461 1⁶

86 481 389 551 Seruitium,
425 481 511 535 cui
547 481 704 534 triste
742 479 894 548 nihil,
932 479 1023 548 qui
1061 482 1253 548 sponte
1291 479 1500 549 sibique

83 553 410 624 Imperiosus
449 556 578 607 erat.
654 553 901 623 qui-snam
939 551 1074 605 haec
1111 552 1170 605 in
1206 552 1397 606 funera
1434 553 1628 607 missos

85 625 324 698 Castiget
360 626 576 682 luctus?
613 625 782 696 gemit
817 626 960 679 inter
997 625 1141 683 bella
1175 628 1512 694 peremptum

82 698 314 755 Parthus
353 717 564 771 equum,
598 698 839 768 fidosque
877 715 1036 752 canes
1067 697 1258 751 fleuere
1295 697 1545 768 Molossi,
1612 732 1618 745 ι

55 777 63 830 ²:
81 772 158 828 Et
194 773 440 828 uolucres
477 773 712 827 habuere
751 788 943 842 rogum
983 788 1276 841 ceruusque
1314 770 1607 825 Maronem.
1791 784 1850 827 2ο

60 845 239 916 Quid,
277 846 324 901 si
359 852 458 901 nec
495 844 767 900 famulus?
805 844 918 897 uidi
955 844 1071 913 ipse
1111 845 1423 915 animosque
1462 846 1650 899 notaui

58 918 159 974 'Te
196 922 409 974 tantum
447 918 711 989 cupientis
750 935 923 986 erum,
963 916 1055 970 sed
1094 918 1268 971 maior
1305 918 1363 971 in
1402 935 1494 971 ore

59 991 316 1063 Spiritus
356 994 412 1047 et
445 995 634 1047 tenero
672 990 945 1045 manifesti
983 991 1043 1043 in
1081 990 1341 1061 sanguine
1380 1008 1570 1044 mores,

83 1065 348 1136 Optarent
382 1065 614 1120 multum
651 1063 844 1119 Graiae
883 1067 1240 1133 cuperentque
1276 1062 1501 1118 Latinae

60 1137 173 1194 *Sic
209 1139 482 1209 peperisse
519 1156 702 1192 nurus.
775 1155 887 1192 non
922 1138 1088 1190 talem
1120 1135 1315 1191 Cressa.
1352 1136 1641 1207 superbum
1792 1151 1848 1190 25

83 1210 288 1267 Callida
326 1212 558 1267 sollicito
595 1211 871 1265 reuocauit
908 1209 1116 1263 Thesea
1153 1211 1260 1279 filo,

81 1284 196 1340 Nec
231 1284 388 1340 Paris
425 1284 675 1339 Oebalios
714 1284 840 1338 talis
881 1284 1092 1337 uisurus
1132 1301 1340 1337 amores

82 1358 336 1413 Rusticus
373 1358 574 1412 inuitas
612 1357 805 1411 deiecit
842 1357 898 1409 in
939 1374 1170 1427 aequora
1209 1357 1383 1426 pinus.

0 1491 1 1504 χ
54 1454 55 1458 ’
82 1430 207 1486 Non
243 1431 374 1486 fallo
414 1434 508 1485 aut
545 1433 735 1485 cantus
774 1433 991 1484 assueta
1028 1429 1247 1484 licentia
1284 1430 1456 1484 ducit:

0 1527 1 1531 ¹
81 1503 209 1559 Uidi
247 1508 302 1559 et
338 1504 510 1558 adhuc
547 1504 719 1574 uideo,
757 1504 971 1574 qualem
1009 1521 1107 1557 nec
1137 1503 1279 1556 bella
1316 1506 1596 1557 canentem
1791 1518 1849 1557 3ο

51 1591 53 1594 ·
81 1577 263 1632 Litore
300 1577 546 1648 uirgineo
585 1577 772 1630 Thetis
811 1576 1101 1630 occultauit
1137 1576 1419 1644 Achillem,

81 1650 196 1705 Nec
234 1651 432 1705 circum
471 1650 620 1704 saeui
656 1650 955 1720 fugientem
993 1650 1205 1703 moenia
1242 1649 1445 1703 Phoebi

51 1722 304 1793 5·Troilon
339 1722 671 1777 Haemoniae
709 1722 990 1792 deprendit
1025 1723 1209 1775 lancea
1247 1723 1479 1776 dextrae.

83 1795 267 1860 Qualis
305 1813 423 1850 eras
454 1795 644 1866 procul
684 1797 774 1848 en!
816 1795 1022 1849 cunctis
1060 1796 1343 1864 puerisque
1382 1796 1616 1865 uirisque

81 1867 362 1924 Pulchrior
399 1871 455 1923 et
489 1871 704 1923 tantum
743 1869 961 1922 domino
1000 1868 1198 1922 minor!
1238 1869 1382 1921 illius
1421 1886 1557 1922 unus
1792 1883 1848 1923 35

55 1941 227 1996 ·Ante
259 1943 434 2013 decor,
471 1945 731 2012 quantum
768 1942 1041 2011 praecedit
1078 1942 1223 1995 clara
1261 1942 1495 1996 minores

82 2013 236 2070 Luna
271 2016 418 2070 faces
457 2018 824 2086 quantumque
862 2016 998 2069 alios
1036 2015 1231 2084 premit
1267 2014 1538 2084 Hesperos
1576 2016 1744 2085 ignes.

81 2087 207 2144 Non
243 2089 347 2143 tibi
383 2088 678 2142 femineum
716 2090 872 2142 uultu
910 2088 1070 2142 decus
1109 2106 1307 2157 oraque
1346 2106 1509 2157 supra

49 2187 51 2214 2
81 2160 262 2216 Mollis
298 2161 471 2216 honos
511 2160 699 2232 (quali,
735 2161 929 2215 dubiae
967 2179 1101 2232 quos
1140 2162 1365 2215 crimina
1401 2162 1605 2215 formae

81 2233 178 2288 De·
201 2252 331 2289 sexu
367 2236 599 2289 transire
636 2234 860 2304 iubent),
898 2253 1173 2303 paruoque
1211 2235 1385 2288 uirilis
1792 2249 1850 2290 40

82 2306 295 2377 Gratia3
332 2325 433 2362 nec
470 2309 720 2378 petulans
760 2309 901 2361 acies
940 2308 1229 2378 blandique
1270 2325 1460 2362 seuero

200 2617 256 2658 14
285 2612 534 2670 exprobret
561 2614 749 2670 scripsi:
780 2612 929 2671 gemis
951 2616 990 2657 A
1027 2617 1057 2656 0
1087 2627 1121 2659 e.
1153 2628 1198 2659 u.
1233 2618 1290 2659 10
1331 2616 1337 2668 Ι
1379 2614 1456 2659 hei
1479 2629 1527 2658 a:
1559 2615 1650 2659 heu
1672 2619 1702 2657 0
1737 2617 1754 2671 ΙΙ
1794 2620 1848 2660 16

81 2670 268 2717 sibimet
298 2671 500 2726 Μανῆς
535 2672 696 2716 melius
733 2671 957 2717 Heinsius
993 2671 1082 2716 sibi
1111 2671 1209 2729 ipse
1232 2674 1248 2729 ΙΙ
1271 2677 1329 2717 20
1356 2685 1493 2730 rogos
1519 2677 1549 2717 ς
1577 2675 1584 2728 Ι
1611 2672 1849 2718 Maronem

6 2767 8 2770 .
84 2729 445 2788 Peerlkampt’us:
490 2743 681 2775 marone
727 2735 756 2773 0
801 2730 1005 2775 maronis
1050 2745 1078 2774 a
1114 2733 1130 2787 u
1168 2736 1222 2775 21
1257 2731 1527 2787 animosque
1557 2733 1623 2778 ed.
1666 2732 1848 2777 Parnm:

78 2787 360 2857 habitusque
382 2793 412 2832 0
428 2803 457 2832 a
477 2789 494 2846 ΙΙ
516 2793 572 2834 22
597 2788 824 2846 capientis
849 2789 1070 2834 Heinsius
1091 2791 1108 2845 Ι]
1130 2794 1187 2835 28
1213 2790 1407 2835 Troasin
1429 2790 1603 2834 inuisas
1628 2790 1801 2835 Markl.
1833 2792 1848 2849 j!

42 2875 44 2878 >
80 2851 136 2891 39
167 2847 296 2904 quali
323 2848 512 2904 scripsi:
543 2848 694 2905 qualis
726 2852 755 2890 0
785 2863 814 2891 a
843 2848 1005 2904 quales
1035 2849 1132 2893 edd.
1183 2851 1191 2904 Ι
1234 2863 1347 2905 quos
1385 2850 1571 2904 scripsi.-
1607 2851 1714 2905 post
1754 2854 1783 2891 0
1821 2865 1851 2892 ει,

81 2903 350 2951 discrimina
380 2906 554 2958 Markl.
580 2909 596 2963 ΙΙ
618 2911 675 2951 40
705 2920 943 2963 paruoque
973 2907 1095 2952 edd„-
1124 2908 1353 2963 toruoque
1384 2911 1421 2950 Δ
1450 2910 1678 2963 toruaque
1709 2912 1738 2949 0
