2014 3164
172 198 246 249 Δ80
791 199 840 243 Ρ.
871 198 1099 242 PAPINII
1129 198 1326 245 STATII

173 313 415 386 Munera,
453 320 812 385 uenturosque
850 319 974 370 tuus
1014 318 1228 370 durabit
1264 317 1321 368 in
1360 334 1529 369 annos

175 390 260 442 Me
300 393 633 443 monstrante
673 389 840 442 dolor.
892 408 1062 459 neque
1102 390 1244 442 enim
1282 390 1416 441 mihi
1451 389 1578 443 flere
1617 395 1896 459 parentem

175 462 444 532 Ignotum,
485 463 673 515 similis
714 463 893 531 gemui
931 468 979 516 et
1013 464 1282 531 proiectus
1322 462 1389 514 ad
1426 462 1595 531 ignes,
1883 479 1940 518 40

175 537 272 588 Ille
312 536 445 588 mihi
481 539 575 587 tua
614 535 809 588 damna
847 537 957 588 dies
997 553 1331 604 compescere
1370 539 1529 588 cantu

177 608 389 672 Suadet,
429 611 483 660 et
519 609 632 676 ipse
670 609 772 661 tuli
811 627 942 678 quos
979 627 1122 660 nunc
1159 609 1260 661 tibi
1299 607 1512 661 confero
1553 613 1785 678 questus.

175 681 303 735 Non
340 682 444 734 tibi
482 682 627 733 clara
665 682 892 750 quidem,
932 683 1109 734 senior
1146 680 1522 750 placidissime,
1561 683 1735 750 gentis

175 754 342 807 Linea
379 773 476 807 nec
514 755 728 822 proauis
770 756 1059 807 demissum
1099 757 1339 821 stemma,
1379 754 1472 806 sed
1508 755 1699 824 ingens

177 827 455 896 Suppleuit
491 827 710 880 fortuna
748 845 916 897 genus
955 829 1274 897 culpamque
1313 830 1598 896 parentum
1885 843 1941 883 45

177 900 434 954 Occuluit.
487 919 586 954 nec
625 902 768 953 enim
808 901 1052 954 dominos
1092 901 1156 953 de
1194 901 1349 969 plebe
1386 901 1574 969 tulisti,

177 973 280 1026 Sed
319 975 511 1043 quibus
553 992 771 1028 occasus
810 975 1013 1043 pariter
1049 974 1344 1026 famulatur
1382 976 1436 1025 et
1474 977 1640 1026 ortus,

176 1046 290 1099 Nec
327 1047 500 1115 pudor
537 1048 638 1100 iste
677 1048 798 1100 tibi·
839 1047 963 1116 quid
1003 1048 1146 1099 enim
1184 1047 1446 1114 terrisque
1485 1048 1713 1116 poloque

175 1120 407 1172 Parendi
447 1121 560 1173 sine
598 1121 716 1189 lege
755 1120 973 1172 manet‘?
1027 1121 1142 1172 uice
1182 1122 1375 1172 cuncta
1412 1123 1672 1190 reguntur

176 1194 515 1262 Alternisque
554 1196 820 1261 premunt
872 1192 1104 1261 propriis
1145 1192 1244 1245 sub
1283 1192 1498 1262 regibus
1539 1194 1712 1246 omnis
1886 1209 1942 1249 50

177 1266 362 1335 Terra3
401 1268 595 1334 premit
632 1267 760 1318 felix
797 1283 986 1335 regum
1025 1265 1328 1318 diademata
1364 1265 1559 1334 Roma3

174 1339 331 1391 Hanc
370 1339 590 1391 ducibus
629 1339 840 1392 frenare
880 1339 1087 1407 datum;
1126 1357 1252 1391 mox
1289 1340 1476 1391 crescit
1513 1339 1570 1390 in
1607 1340 1729 1393 illos

174 1412 464 1480 Imperium
505 1413 724 1481 superis.
776 1413 868 1464 sed
905 1413 1107 1464 habent
1145 1414 1199 1464 et
1236 1412 1459 1466 numina
1495 1413 1691 1481 legem:

177 1485 354 1538 Seruit
392 1489 446 1538 et
484 1489 754 1538 astrorum
791 1486 947 1538 uelox
985 1485 1177 1538 chorus
1216 1488 1270 1537 et
1306 1502 1448 1555 uaga
1486 1486 1652 1538 seruit

174 1558 330 1610 Luna
367 1576 466 1611 nec
504 1559 739 1611 iniussae
776 1559 976 1611 totiens
1014 1558 1152 1610 redit
1190 1558 1366 1611 orbita
1402 1558 1552 1611 lucis.
1886 1574 1941 1614 55

176 1630 277 1699 Sic,
315 1632 472 1685 modo
515 1632 561 1684 si
598 1632 681 1684 fas
722 1635 803 1684 est
841 1649 1068 1700 aequare
1105 1631 1336 1684 iacentia
1375 1632 1612 1700 summm,

174 1704 405 1757 Pertulit
443 1707 496 1757 et
535 1705 681 1758 saeui
720 1704 1036 1773 Tirynthius
1074 1704 1291 1757 horrida
1327 1706 1470 1773 regis

173 1777 354 1846 Pacta,
392 1796 492 1830 1166
532 1779 745 1830 erubuit
780 1778 1093 1830 famulantis
1131 1777 1314 1830 fistula
1350 1778 1567 1831 Phoebi.

176 1849 279 1903 Sed
316 1869 487 1920 neque
526 1851 818 1904 barbaricis
858 1851 1012 1903 Latio
1051 1851 1399 1903 transmissus
1439 1852 1507 1903 ab
1547 1851 1678 1904 oris:

176 1923 404 1992 Smyrna
439 1924 541 1976 tibi
579 1924 778 1993 gentile
817 1924 990 1976 solum
1027 1927 1291 1992 potusque
1329 1924 1561 1977 uerendo
1886 1941 1941 1981 60

177 1997 281 2050 016
320 1996 489 2049 Meles
529 1995 821 2065 Hermique
859 1996 1072 2060 uadum,
1111 2014 1215 2066 quo
1254 1996 1454 2065 Lydius
1492 1998 1664 2050 intrat

176 2069 419 2122 Bacchus
459 2073 513 2122 et
552 2073 742 2122 aurato
781 2070 950 2122 reficit
991 2088 1088 2122 sua
1126 2087 1326 2122 cornua
1362 2070 1508 2123 limo.

174 2143 339 2196 Laeta
377 2143 566 2196 dehinc
603 2144 762 2196 series
802 2143 1068 2211 uariisque
1108 2161 1171 2195 ex
1209 2143 1390 2196 ordine
1428 2143 1567 2196 curis

175 2217 380 2269 Auctus
418 2217 612 2284 honos3
661 2234 975 2285 semperque
1013 2216 1210 2285 gradus
1248 2235 1416 2285 prope
1452 2217 1696 2287 numina,
1736 2237 1942 2288 semper

177 2288 495 2343 Caesareum
534 2290 759 2343 coluisse
798 2290 940 2342 latus
981 2290 1249 2358 sacrisque
1289 2289 1507 2343 deorum
1885 2305 1940 2345 65

293 2481 350 2520 40
382 2476 554 2520 similes
579 2501 634 2508 -
658 2476 791 2533 ignes
824 2477 913 2531 (uel
943 2477 1143 2522 similem
1170 2503 1224 2509 ——
1247 2477 1423 2534 ignem)
1458 2478 1656 2524 Markl:
1695 2478 1860 2523 similis
1885 2506 1939 2511 —

175 2535 333 2592 ignem
365 2540 392 2576 c
425 2550 451 2577 a
478 2536 484 2590 Ι
512 2534 668 2591 gemui
698 2539 756 2578 A:
788 2535 927 2591 genui
956 2537 1030 2580 uel
1060 2535 1234 2592 gemini
1265 2540 1293 2578 c
1320 2538 1327 2592 Ι
1362 2538 1409 2580 et
1434 2541 1538 2591 post
1567 2537 1724 2593 gemui
1753 2538 1940 2593 inserui,

175 2598 280 2638 ante
310 2593 474 2637 similis
501 2593 674 2638 Markl.
698 2595 713 2649 ΙΙ
737 2597 792 2637 45
817 2594 1063 2650 labemque
1093 2595 1338 2651 parentum
1368 2594 1648 2640 Schraderus
1669 2597 1685 2650 ΙΙ
1708 2600 1764 2640 47
1795 2596 1940 2641 famu-

174 2653 299 2697 latur
322 2656 359 2694 A
384 2655 414 2696 ς
425 2669 435 2694 2
466 2651 753 2695 famulantur
776 2656 804 2693 c
826 2654 842 2708 ΙΙ
865 2657 920 2696 49
947 2654 1112 2697 cuncta
1149 2655 1370 2709 geruntur
1394 2657 1422 2695 c
1445 2668 1486 2709 a,
1511 2667 1623 2699 corr.
1650 2654 1898 2700 Geuartius

175 2716 232 2755 50
263 2712 481 2767 premunt
510 2714 549 2752 A
579 2714 628 2754 c·
668 2716 837 2767 regunt
867 2711 1111 2755 Liuineius
1148 2713 1164 2768 ΙΙ
1202 2715 1257 2756 55
1287 2711 1451 2755 iniussi
1481 2737 1536 2744 —-
1570 2712 1691 2757 Solis
1724 2714 1896 2759 Markl.

176 2774 232 2814 56
266 2769 343 2814 Sic
372 2770 560 2825 scripsi.-
590 2768 652 2812 Et
682 2773 710 2810 c
735 2771 798 2823 al
824 2773 877 2812 58
909 2770 1040 2814 Iussa
1065 2770 1238 2815 Mae-lez.
1263 2771 1279 2827 ΙΙ
1304 2775 1359 2814 60
1383 2770 1586 2827 genitale
1619 2771 1898 2817 Schraderus

177 2834 228 2873 61
266 2827 355 2872 Ore
394 2829 484 2882 (uel
521 2827 722 2872 uerenda
751 2827 942 2883 Fronte)
979 2829 1165 2885 scripsi:
1210 2829 1356 2874 Fonte
1389 2833 1416 2871 c
1448 2844 1476 2872 a.
1511 2830 1527 2887 ΙΙ
1567 2835 1623 2874 64
1660 2830 1810 2887 gradu
1841 2836 1869 2873 c
1901 2846 1940 2886 a,

175 2900 289 2931 corr.
323 2887 623 2944 PeyrareduS.
656 2885 790 2943 gradi
822 2887 1060 2931 Meursius
