2014 3164
203 209 272 262 68
819 208 869 251 Ρ.
900 207 1130 252 PAPINII
1160 208 1357 253 STATII

202 330 291 382 An
331 329 518 382 Getica
555 344 748 379 uenere
786 327 942 394 lyra‘?
1002 330 1183 395 stupet
1219 328 1334 396 ipse
1373 328 1583 382 labores

202 404 417 470 Annus,
457 404 510 453 et
550 402 777 468 angusto
817 400 900 451 bis
934 400 1051 452 seni
1090 401 1260 452 limite
1298 418 1508 454 menses

202 476 553 545 Longaeuum
584 474 848 524 mirantur
885 491 1034 541 opus,
1095 473 1222 526 deus
1263 473 1435 525 adfuit
1474 493 1620 528 arces

202 549 494 617 Erexitque
536 564 660 599 suas
701 548 859 614 atque
900 546 1231 598 obluctantia
1272 565 1401 598 saxa
1920 563 1975 603 ρο

205 621 509 675 Summouit
549 619 727 671 nitens
767 622 820 671 et
857 636 1054 688 magno
1093 622 1309 687 pectore
1347 622 1584 672 montem

204 695 479 763 Reppulit:
519 693 779 744 immitem
819 692 1000 744 credas
1039 692 1257 745 iussisse
1295 710 1593 745 nouercam.

203 769 350 838 Ergo
391 785 506 837 age,
551 784 644 818 seu
681 765 887 833 patrios
926 765 1063 817 liber
1100 765 1209 817 iam
1248 765 1455 835 legibus
1494 766 1673 836 Argos

203 841 402 894 Incolis
445 844 499 893 et
537 857 771 892 mersum
809 838 1029 891 tumulis
1068 837 1374 907 Eurysthea
1413 840 1608 907 calcaS,

206 915 329 968 Siue
367 914 449 966 tui
489 913 682 966 solium
719 912 866 964 Iouis
907 914 960 963 et
997 912 1196 964 uirtute
1232 915 1426 981 parata
1922 928 1977 967 25

204 989 368 1041 Astra
404 990 582 1055 teneS,
620 986 976 1054 haustumque
1014 985 1114 1037 tibi
1153 986 1422 1038 succincta
1459 986 1603 1038 beati

203 1061 452 1114 Nectaris
494 1060 709 1112 excluso
749 1059 937 1110 melior
976 1057 1187 1126 Phryge
1226 1059 1462 1126 porrigit*
1493 1058 1668 1112 Hebe:

204 1135 324 1188 Huc
364 1134 490 1187 ades
530 1134 584 1185 et
624 1132 840 1201 genium
877 1131 1094 1199 templis
1132 1132 1477 1184 nascentibus
1516 1133 1669 1185 infer.

204 1208 331 1262 Non
366 1211 420 1259 te
459 1207 634 1259 Lerna
671 1222 869 1256 nocens
907 1221 1004 1256 nec
1042 1205 1291 1272 pauperis
1331 1223 1460 1257 arua
1497 1204 1759 1258 Molorchi

204 1281 319 1334 Nec
357 1279 677 1333 formidatus
716 1276 944 1328 Nemees
985 1293 1112 1346 ager
1151 1279 1408 1347 antraque
1446 1282 1676 1346 poscunt
1923 1294 1980 1333 30

205 1354 435 1408 Thracia
472 1370 571 1405 nec
609 1350 794 1403 Pharii
832 1350 1041 1418 polluta
1079 1351 1270 1403 altaria
1307 1351 1470 1421 regis3

206 1429 310 1482 Sed
347 1427 477 1479 felix
517 1425 846 1492 simplexque
886 1420 1073 1476 domus
1111 1423 1466 1492 fraudumque
1505 1425 1767 1477 malarum

204 1501 383 1556 Inscia
421 1503 474 1551 et
510 1497 814 1566 hospitibus
854 1497 1058 1566 superis
1099 1496 1416 1566 dignissima
1455 1498 1619 1551 sedes,

205 1575 354 1629 Pone
393 1576 572 1626 truces
614 1589 765 1623 arcus
806 1587 1103 1640 agmenque
1141 1570 1347 1623 immite
1384 1571 1668 1639 pharetrae

207 1649 283 1701 Et
319 1664 507 1716 regum
547 1643 718 1697 multo
757 1643 1031 1712 perfusum
1072 1644 1335 1713 sanguine
1372 1644 1557 1713 robur,
1925 1657 1981 1698 35

205 1721 606 1787 Instratumque
645 1717 883 1771 humeris
925 1717 1138 1770 dimitte
1177 1718 1485 1786 gerentibus
1523 1718 1750 1770 hostem.

209 1794 315 1847 Hic
352 1793 454 1846 tibi
493 1790 712 1844 Sidonio
751 1790 951 1842 celsum
990 1790 1241 1858 puluinar
1279 1790 1509 1843 acantho

209 1867 432 1920 Texitur
470 1868 525 1918 et
564 1864 732 1933 signis
773 1863 963 1915 crescit
999 1865 1150 1916 torus
1192 1880 1348 1931 asper
1386 1863 1619 1917 eburnis

207 1942 440 1994 Pacatus
479 1938 730 2006 mitisque
769 1937 896 1989 ueni
932 1954 1031 1988 nec
1070 1936 1317 1989 turbidus
1356 1936 1439 1988 ira

207 2014 322 2068 Nec
358 2013 619 2066 famulare
657 2010 868 2078 timens,
907 2009 999 2062 sed
1039 2027 1195 2078 quem
1233 2012 1287 2062 te
1326 2008 1587 2062 Maenalis
1627 2009 1782 2081 Auge
1925 2025 1982 2066 40

211 2087 527 2141 Confectum
564 2083 774 2152 thyasis
816 2085 870 2135 et
907 2083 1076 2136 multo
1114 2083 1282 2135 fratre
1321 2083 1623 2136 madentem

208 2160 458 2214 Detinuit
496 2159 810 2227 qualemque
849 2173 1020 2225 uagae
1057 2158 1182 2225 post
1221 2156 1446 2209 crimina
1483 2157 1656 2210 noctis

207 2234 463 2286 Thestius
503 2230 803 2300 obstupuit,
841 2230 1044 2283 totiens
1086 2248 1248 2283 socer.
1308 2229 1398 2283 hic
1434 2229 1711 2283 tibifesta

209 2306 466 2376 Gymnas,
505 2308 559 2357 et
596 2305 844 2357 insontes
884 2303 1135 2356 iuuenum
1174 2303 1290 2356 sine
1330 2303 1596 2357 caestibus
1635 2304 1748 2356 irae

208 2381 407 2434 Annua
445 2379 614 2431 ueloci
653 2380 921 2446 peragunt
959 2377 1252 2429 certamina
1288 2377 1473 2430 lustro.
1924 2389 1980 2430 45

207 2453 313 2507 Hic
350 2452 564 2521 templis
602 2451 893 2518 inscriptus
934 2468 1034 2503 auo
1075 2449 1341 2519 gaudente
1381 2450 1627 2503 sacerdos

330 2675 384 2715 18
417 2669 605 2727 angusti
635 2669 819 2713 bisseno
851 2672 889 2711 A
922 2673 963 2723 c,
996 2682 1109 2714 corr.
1142 2683 1170 2710 a.
1208 2669 1224 2724 Η
1264 2671 1316 2712 19
1351 2666 1502 2711 adfuit
1528 2667 1790 2712 Mewrsius:
1822 2668 1983 2713 attulit

211 2737 239 2774 G
270 2747 298 2774 a
320 2731 335 2786 ΙΙ
359 2734 414 2774 30
446 2729 644 2773 Nemees
677 2731 705 2771 ς
740 2743 788 2771 a:
820 2727 978 2771 uenies
1008 2732 1037 2770 c
1065 2729 1070 2782 Ι
1098 2725 1468 2771 antraueMarkl.
1494 2727 1509 2782 ΙΙ
1533 2731 1589 2770 36
1621 2727 1982 2784 Lustratumque

212 2796 240 2832 G
258 2805 298 2844 a,
316 2803 430 2833 corr.
450 2791 479 2832 ς
504 2789 519 2843 11
543 2792 596 2831 37
618 2787 816 2830 acantho
841 2789 897 2829 A:
919 2786 1117 2830 achanto
1136 2790 1164 2827 c
1186 2786 1202 2841 ΙΙ
1225 2790 1280 2828 43
1295 2784 1511 2828 Thestius
1534 2785 1732 2830 Markl.:
1756 2786 1982 2842 Thespius

212 2854 240 2891 c
264 2864 292 2891 a.
313 2850 328 2905 u
351 2852 408 2892 44
434 2846 636 2892 cestibus
659 2849 696 2888 A
731 2850 780 2888 c:
805 2844 1000 2888 testibus
1027 2848 1055 2889 ς
1084 2844 1301 2890 caedibus
1327 2843 1530 2897 Markl.;
1563 2858 1625 2888 an
1656 2843 1890 2888 uestibus?
1924 2845 1981 2898 cf.

213 2912 312 2963 146,
348 2911 446 2950 152.
473 2907 488 2962 ΙΙ
512 2910 568 2949 46
599 2904 859 2960 adscriptus
894 2904 1068 2948 Markl.
