2014 3164
690 207 999 255 SILUARUM
1029 207 1078 253 L.
1111 206 1189 265 IV,
1222 211 1262 253 7.
1754 205 1854 257 117

86 331 193 386 Par
230 331 440 402 magnis
479 327 737 383 Uestinus
777 327 908 397 auis,
947 344 1105 397 quem
1142 330 1298 381 nocte
1337 326 1525 396 dieque

17 458 31 481 .‹
89 403 284 475 Spirat,
323 407 377 457 et
413 403 471 457 in
509 419 665 456 carae
703 401 841 455 uiuit
878 400 1244 470 complexibus
1282 399 1521 453 umbrae.
1801 411 1859 453 95

17 493 54 551 ῥ’
86 476 190 532 Hic
227 477 395 548 igitur
430 475 532 530 tibi
569 476 711 528 laeta
750 474 914 545 quies,
953 473 1245 527 fortissime
1283 473 1483 543 diuum,

17 607 25 620 ⁶
86 550 289 620 Alcide,
330 568 428 604 nec
465 549 610 603 bella
646 547 797 602 uides
836 563 1150 618 pugnasque
1188 546 1410 616 feroces,

16 644 46 681 ,ς
89 622 191 679 Sed
231 623 426 693 chelyn
464 626 519 676 et
555 622 721 675 uittas
761 624 815 674 et
854 623 1096 675 amantes
1134 620 1373 674 carmina
1409 620 1608 673 laurus.

18 745 29 768 α
86 695 192 752 Hic
229 697 329 751 tibi
369 696 615 751 sollemni
653 694 974 749 memorabit
1010 694 1236 764 pectine,
1274 696 1506 763 quantus

16 802 19 823 ι,
86 770 278 825 Iliacas
317 769 636 839 Geticasque
675 768 862 823 domos
902 771 1240 838 quantusque
1277 767 1512 820 niualem
1776 777 1862 819 100

19 846 43 911 ,ἦ
89 843 443 915 Stymphalon
480 844 818 913 quantusque
856 841 996 912 iugis
1034 839 1413 910 Erymanthon
1451 840 1666 909 aquosis

16 941 47 993 <fr
87 917 376 988 Terrueris,
414 934 571 988 quem
609 920 662 969 te
700 915 908 985 pecoris
948 932 1228 984 possessor
1265 912 1470 982 Hiberi,

16 1007 33 1067 ζ
89 991 259 1056 Quem
295 990 480 1046 tulerit
524 1007 713 1044 saeuae
752 988 1075 1042 Mareoticus
1116 987 1316 1041 arbiter
1354 1004 1492 1040 arae.

23 1067 26 1075 '
87 1065 192 1120 Hic
229 1067 510 1135 penetrata
547 1063 646 1117 tibi
690 1062 1025 1132 spoliataque
1070 1061 1258 1115 limina
1296 1061 1486 1115 mortis

89 1138 350 1195 Concinet
387 1141 442 1192 et
477 1137 667 1191 flentes
706 1136 905 1205 Libyae
945 1133 1300 1205 Scythiaeque
1338 1134 1559 1204 puellas.
1780 1145 1863 1187 105

19 1279 24 1290 Υ
89 1211 204 1268 Nec
242 1217 296 1267 te
332 1214 589 1283 regnator
627 1209 895 1263 Macetum
934 1226 1032 1263 nec
1071 1209 1331 1262 barbarus
1371 1224 1626 1276 umquam

27 1318 29 1322 ·
90 1286 368 1341 Hannibal
407 1287 499 1340 aut
537 1284 683 1338 saeui
721 1286 905 1353 posset
942 1300 1049 1336 uox
1087 1281 1305 1335 horrida
1344 1279 1524 1334 Sullae

48 1423 50 1427 ,
90 1360 191 1415 His
229 1360 496 1414 celebrare
533 1357 720 1412 modis.
780 1359 921 1410 certe
959 1359 1020 1409 tu
1058 1355 1295 1409 muneris
1333 1357 1519 1408 auctor

91 1433 218 1489 Non
257 1433 379 1488 aliis
418 1432 607 1487 malles
646 1430 830 1500 oculis,
868 1428 1118 1499 Lysippe,
1156 1427 1386 1498 probari.

922 1590 1041 1645 VII.

436 1709 558 1757 ODE
588 1707 811 1755 LYRICA
842 1707 926 1752 AD
958 1706 1183 1752 UINIUM
1215 1704 1526 1750 MAXIMUM.

360 1815 476 1870 Iam
515 1815 606 1869 diu
642 1815 754 1867 lato
794 1813 1028 1881 spatiata
1067 1828 1256 1880 campo

362 1888 540 1943 Fortis
577 1888 788 1955 herone,
827 1885 1012 1953 Erato,
1050 1884 1263 1938 labores

362 1961 532 2017 Differ
569 1964 728 2088 atgue
766 1960 958 2029 ingens
998 1975 1131 2027 opus
1170 1958 1228 2010 in
1265 1956 1502 2010 minores

675 2033 900 2087 ontrahe
940 2049 1118 2102 gyros

364 2181 548 2251 Tuque
587 2182 842 2250 regnator
878 2177 1079 2248 lyricae
1118 2176 1356 2231 cohortis
1847 2189 1874 2229 5

366 2253 449 2308 Da
486 2253 616 2307 noui
653 2252 872 2322 paulum
910 2251 1044 2304 mihi
1081 2251 1198 2303 iura
1236 2249 1446 2320 plectri,

368 2326 425 2382 Si
461 2330 584 2380 tuas
623 2329 782 2379 cantu
821 2324 977 2378 Latio
1017 2323 1240 2392 sacraui,

631 2398 878 2467 Pindare,
915 2396 1144 2451 Thebas·

53 2667 55 2670 ,
223 2625 281 2666 94
322 2618 422 2665 auis
459 2617 721 2664 Auantius:
767 2616 901 2673 aquis
932 2620 961 2658 c
992 2631 1021 2659 a
1056 2616 1074 2672 11
1111 2619 1167 2660 99
1206 2613 1391 2671 pectine
1437 2613 1630 2669 scripsi.-
1675 2611 1878 2657 carmine

105 2683 134 2722 c
165 2694 194 2724 a
223 2693 245 2724 e
274 2691 412 2724 uersu
437 2678 591 2735 priore
630 2678 647 2734 ΙΙ
686 2680 769 2721 105
803 2674 1111 2732 Scythiaeque
1141 2677 1180 2717 A
1211 2678 1262 2717 c:
1295 2672 1573 2730 Scythiaeue
1605 2671 1702 2716 edd.
1738 2672 1755 2728 fl
1794 2675 1879 2716 106

54 2784 55 2787 ,
105 2737 336 2784 Macetum
367 2740 421 2781 ῦς
451 2735 698 2781 Macedum
730 2738 759 2779 ς
791 2749 819 2777 a

22 2799 26 2809 ’
223 2796 323 2842 VH.
356 2795 423 2840 In
445 2795 578 2839 titulo
601 2793 781 2838 uiuium
811 2792 1075 2836 maximum*
1095 2794 1133 2834 A
1158 2794 1201 2847 G,
1233 2790 1488 2835 Maximum
1519 2788 1704 2834 Iunium
1735 2787 1834 2833 edd.
1866 2787 1882 2846 Η

46 2875 47 2878 “
106 2860 163 2959 1H
162 2854 365 2925 spatiata
390 2857 419 2900 ς
445 2853 690 2898 Morellus:
724 2851 899 2897 sociata
921 2854 959 2893 A
983 2854 1012 2892 c
1037 2849 1209 2894 satiata
1232 2854 1263 2894 ς
1285 2851 1302 2905 ΙΙ
1325 2854 1351 2893 2
1383 2848 1538 2893 herois
1571 2851 1600 2889 c
1623 2862 1652 2890 a
1672 2848 1689 2904 ΙΙ
1711 2851 1738 2891 3
1772 2859 1882 2903 epos

51 2938 54 2942 ·
158 2926 328 2960 emenus
