2014 3164
686 177 998 223 SILUARUM
1028 178 1079 224 L.
1110 178 1190 235 111,
1221 182 1262 223 2.

42 332 66 363 ¹.
94 296 334 352 Imbellis
373 295 684 366 tumidoque
722 296 858 350 nihil
895 297 1102 350 iuratus
1140 296 1380 364 Atridae,

40 397 58 442 ⁴
94 367 202 425 Cur
233 369 390 424 nobis
428 370 659 440 ignauus
699 369 886 424 amor?
940 369 1033 423 sed
1070 373 1286 438 pectore
1324 369 1430 423 fido

39 445 54 522 [s
81 441 375 512 ‘Nusquam
407 442 567 496 abero
598 442 881 512 longisque
913 459 1105 512 sequar
1134 445 1232 496 tua
1261 443 1485 496 carbasa
1513 442 1675 496 uotis.

37 548 69 580 ‚·
93 514 183 585 Isi,
221 515 516 570 Phoroneis
556 515 686 569 olim
725 515 996 569 stabulata
1033 516 1134 569 sub
1175 517 1365 584 antris,

93 587 254 643 Nunc
289 589 476 659 regina
512 587 677 642 Phari
713 606 1018 658 numenque
1057 589 1280 642 orientis
1320 588 1515 657 anheli,

31 662 60 770 ξ
94 661 298 731 Excipe
336 661 629 716 multisono
668 679 906 731 puppem
944 661 1244 715 Mareotida
1283 662 1467 729 sistr03

39 767 41 772 ·
94 733 175 788 Ac
212 735 460 789 iuuenem
498 734 788 806 egregium,
826 733 1012 789 Latius
1051 735 1137 788 cui
1175 735 1363 788 ductor
1399 734 1518 789 an

29 839 35 874 ὲ
95 806 264 879 Signa
303 807 742 878 Palaestinasque
783 807 928 861 dedit
965 808 1174 862 frenare
1213 807 1479 876 cohorteS,

28 884 55 961 ζ’
93 880 121 935 Ι
161 899 221 935 sa
259 898 424 935 manu
462 880 674 952 placida
710 898 806 950 per
843 881 1030 935 limina
1067 881 1207 934 festa
1245 899 1532 950 sacrosque

28 963 31 978 ⁵
95 900 213 1008 ffuc
250 957 440 1024 portus
478 954 742 1024 urbesque
780 957 917 1008 tuas.
976 957 1031 1008 te
1069 954 1315 1023 praeside
1352 958 1557 1022 noscat,

26 1028 53 1077 ἓ
95 1026 251 1082 Unde
289 1026 534 1097 paludosi
571 1027 799 1082 fecunda
835 1027 1051 1082 licentia
1086 1026 1215 1096 Nili,

26 1109 61 1162 “ῖῑ
97 1099 205 1155 Cur
242 1101 382 1156 uada
420 1099 666 1155 desidant
705 1103 758 1154 et
794 1103 913 1170 ripa
951 1101 1233 1155 coherceat
1270 1101 1442 1154 undas

29 1240 33 1246 1
97 1171 354 1244 Cecropio
394 1177 649 1244 stagnata
686 1175 817 1243 luto,
856 1192 949 1227 cur
986 1174 1170 1227 inuida
1207 1173 1494 1243 Memphis,

26 1259 43 1299 .¹
91 1244 271 1302 Curue
312 1246 650 1315 Therapnaei
688 1248 938 1301 lasciuiat
977 1266 1072 1301 ora
1109 1246 1334 1317 Canopi,

27 1319 59 1378 ‘2⁷
98 1318 208 1375 Cur
247 1323 425 1392 seruet
460 1318 684 1374 Pharias
723 1319 993 1374 Lethaeus
1032 1321 1231 1374 ianitor
1269 1339 1407 1388 aras,

96 1392 243 1447 Uilia
281 1411 374 1447 cur
411 1410 638 1464 magnos
678 1397 906 1463 aequent
943 1395 1199 1454 animalia
1236 1394 1414 1462 diuos3

55 1481 57 1485 ’
99 1466 246 1530 Quae
285 1467 389 1520 sibi
427 1468 769 1536 praesternat
805 1468 968 1520 uiuax
1007 1468 1201 1520 altaria
1238 1467 1494 1535 Phoenix,

99 1539 245 1603 Quos
284 1540 533 1610 dignetur
570 1557 729 1610 agros
770 1543 863 1593 aut
901 1558 1006 1610 quo
1046 1558 1102 1593 se
1142 1541 1354 1610 gurgite
1393 1539 1504 1592 Nili

98 1612 311 1684 Mergat
350 1612 604 1667 adoratus
642 1612 864 1682 trepidis
903 1613 1212 1682 pastoribus
1252 1613 1401 1682 Apis.

50 1723 51 1726 =
99 1685 217 1740 Duc
255 1689 310 1740 et
348 1686 417 1739 ad
454 1685 770 1740 Aemathios
809 1704 1012 1755 manes,
1051 1686 1145 1739 ubi
1182 1687 1408 1756 belliger
1444 1686 1593 1740 urbis

55 1815 57 1817 .
101 1757 359 1814 Conditor
396 1757 644 1828 Hyblaeo
682 1758 930 1829 perfusus
968 1763 1183 1813 nectare
1223 1760 1394 1827 durat,

23 1835 25 1837 ’
55 1846 58 1852 ’
99 1833 559 1903 Anguiferamque
598 1832 832 1886 domum.
870 1832 1071 1886 blando
1110 1850 1216 1902 qua
1254 1850 1429 1886 mersa
1466 1834 1689 1886 ueterno

101 1906 286 1960 Actias
323 1904 594 1959 Ausonias
632 1905 776 1975 fugit
814 1903 1100 1975 Cleopatra
1139 1909 1371 1959 catenas.

100 1978 284 2050 Usque
323 1982 378 2032 et
413 1979 472 2033 in
508 1978 762 2048 Assyrias
803 1977 952 2032 sedes
992 1979 1352 2049 mandataque
1392 1982 1573 2033 castra

49 2055 51 2059 ⁴
101 2052 428 2122 Prosequere
467 2055 523 2107 et
558 2051 723 2106 Marti
759 2052 1021 2122 iuuenem,
1058 2053 1174 2122 dea,
1210 2053 1363 2106 trade
1401 2052 1611 2106 Latino.

103 2125 216 2180 Nec
245 2144 419 2180 nouus
456 2125 655 2195 hospes
695 2125 817 2179 erit:
856 2143 989 2194 puer
1025 2125 1110 2180 his
1151 2126 1365 2179 sudauit
1401 2127 1460 2179 in
1498 2126 1642 2180 aruis

15 2223 43 2251 ,κ
103 2198 280 2254 Notus
320 2199 493 2252 adhuc
529 2201 744 2252 tantum
781 2199 1000 2252 maioris
1038 2218 1255 2253 munere
1295 2200 1449 2268 claui,

102 2273 220 2326 Iam
256 2276 439 2326 tamen
478 2275 532 2325 et
567 2276 776 2326 turmas
814 2272 961 2325 facili
998 2277 1340 2341 praeuertere
1379 2290 1515 2344 gyro

20 2400 38 2406 ,,
103 2346 284 2400 Fortis
323 2349 377 2399 et
413 2344 558 2399 ans
597 2346 772 2399 iaculo
813 2345 1066 2399 damnare
1106 2347 1347 2417 sagittas.

15 2420 46 2506 J
103 2419 253 2490 Ergo
293 2419 396 2473 erit
432 2419 526 2472 illa
563 2419 691 2488 dies,
729 2437 834 2488 qua
868 2421 924 2472 te
962 2419 1167 2474 maiora
1203 2420 1426 2474 daturus

1798 175 1865 229 77

1783 454 1867 495 100

1786 819 1870 860 105

1788 1187 1872 1228 110

1790 1553 1872 1593 115

1790 1917 1874 1959 120

1794 2285 1875 2326 125

13 2725 18 2738 ·.
228 2699 312 2740 100
349 2695 590 2753 Nusquam
622 2698 674 2740 ς·
705 2695 955 2752 Nunquam
985 2700 1014 2738 0
1038 2696 1103 2753 an
1129 2700 1210 2740 101
1243 2695 1357 2740 olim
1388 2699 1426 2738 Δ
1449 2700 1500 2739 c:
1533 2693 1767 2752 quondam
1799 2698 1829 2739 ς
1861 2693 1877 2753 ΙΙ

8 2760 19 2807 -ζ
108 2758 192 2798 110
224 2755 442 2812 stagnata.
450 2710 508 2798 qA
539 2758 589 2798 0·
627 2754 811 2811 signata
844 2758 872 2798 ς’
902 2756 907 2809 Ι
934 2754 1100 2799 malias
1141 2769 1222 2799 cur
1252 2755 1384 2799 arida
1413 2756 1429 2810 ΙΙ
1463 2758 1544 2798 112
1578 2767 1705 2798 arces
1733 2753 1875 2798 Bent-

12 2851 16 2854 ,
106 2813 219 2858 laius
255 2813 273 2871 ΙΙ
317 2817 400 2858 119
431 2815 622 2858 ueterno
655 2813 854 2858 Markl..·
885 2826 1064 2858 ueneno
1096 2818 1125 2856 0
1156 2829 1184 2856 a
1214 2827 1368 2858 morsa
1397 2826 1576 2857 ueneno
1607 2812 1831 2856 Heinsius
1860 2813 1875 2870 Ι

5 2914 9 2915 ⁷
109 2876 192 2917 123
223 2871 272 2916 in
303 2870 444 2916 armis
475 2875 561 2914 ca
597 2872 613 2927 ΙΙ
653 2876 738 2916 124
775 2886 964 2917 munere
997 2876 1048 2917 ς·
1091 2872 1279 2917 numine
1309 2872 1374 2914 A*
1406 2876 1435 2913 0
