2014 3164
166 189 270 241 110
771 190 820 232 P.
852 189 1081 234 PAPINII
1113 189 1311 234 STATII

162 307 352 361 Cessat
391 326 537 377 apex.
598 307 782 376 procul
819 307 925 360 ista
961 311 1054 361 tuo
1095 308 1205 361 sint
1240 308 1355 360 fata
1393 308 1562 380 Teati,

159 381 272 435 Nec
310 381 645 434 Marrucinos
686 383 813 450 agat
849 381 981 433 haec
1019 382 1231 433 insania
1269 385 1494 435 montes,

159 453 317 508 Nunc
357 455 402 507 si
439 454 580 507 forte
618 454 749 506 meis
790 472 923 523 quae
963 454 1072 507 sint
1110 454 1327 507 exordia
1364 455 1532 508 musis

162 527 305 580 Scire
343 528 499 595 petiS‚
536 527 644 579 iam
683 524 929 580 Sidonios
970 545 1186 580 emensa
1223 528 1435 581 labores

160 600 393 653 Thebais
434 602 618 668 optato
659 600 878 669 collegit
916 601 1139 653 carbasa
1175 603 1334 668 portu
1375 642 1379 644 -

158 673 484 742 Parnasique
523 673 663 742 iugis
704 674 944 743 siluaque
982 673 1299 726 Heliconide
1335 673 1490 727 festis

159 746 302 798 Tura
341 746 486 799 dedit
522 746 749 799 flammis
790 749 844 799 et
880 747 1107 815 uirginis
1147 750 1270 799 exta
1306 747 1563 801 iuuencae

158 818 536 889 Uotiferasque
575 837 721 872 meas
762 820 1038 888 suspendit
1076 821 1144 873 ab
1184 821 1374 873 arbore
1411 821 1591 874 uittas.

157 890 316 945 Nunc
354 910 551 945 uacuos
592 893 763 945 crines
804 894 909 946 alio
951 893 1095 946 subit
1132 894 1303 946 infula
1339 911 1501 946 nexu:

160 965 324 1018 Troia
363 965 574 1034 quidem
613 983 946 1035 magnusque
985 966 1118 1019 mihi
1155 969 1449 1035 temptatur
1485 967 1722 1020 Achilles
1730 1009 1744 1036 ,

159 1037 263 1091 Sed
300 1042 461 1092 uocat
499 1039 799 1092 arcitenens
840 1040 944 1092 alio
983 1042 1138 1107 pater
1175 1057 1428 1109 armaque
1467 1043 1732 1093 monstrat

157 1111 387 1165 Ausonii
424 1113 630 1165 maiora
669 1113 831 1166 ducis.
892 1112 1062 1164 trahit
1099 1113 1332 1180 impetus
1371 1113 1464 1166 illo

156 1184 273 1238 Iam
310 1185 518 1253 pridem
555 1186 884 1254 retrahitque
923 1185 1098 1238 timor.
1161 1186 1452 1239 stabuntne
1492 1186 1590 1240 sub
1628 1186 1722 1240 illa

159 1257 302 1311 Mole
341 1258 549 1310 humeri
589 1276 659 1310 an
699 1276 897 1327 magno
937 1259 1181 1312 uincetur
1217 1259 1452 1328 pondere
1493 1260 1709 1313 ceruix?

158 1330 275 1400 Dic,
312 1330 580 1399 Marcelle,
618 1330 826 1384 feram?
864 1331 1055 1384 fluctus
1096 1351 1167 1384 an
1206 1335 1357 1385 sueta
1395 1333 1627 1386 minores

157 1403 332 1458 Nosse
369 1405 502 1457 ratis
541 1405 779 1457 nondum
817 1404 985 1457 Ioniis
1025 1405 1288 1458 credenda
1324 1405 1575 1475 periclis?

157 1477 375 1547 Iamque
414 1479 533 1530 uale
577 1481 630 1531 et
666 1479 880 1547 penitus
918 1479 1035 1531 noti
1071 1479 1171 1531 tibi
1209 1479 1351 1532 uatis
1392 1497 1628 1532 amorem

159 1550 328 1604 Corde
366 1551 507 1603 exire
545 1554 683 1604 ueta,
742 1569 839 1604 nec
879 1552 1022 1604 enim
1059 1552 1194 1604 mihi
1230 1552 1461 1605 iunctius
1502 1553 1671 1606 almae

157 1623 351 1677 Pectus
394 1625 682 1677 amicitiae:
731 1625 880 1677 cedet
916 1625 1018 1678 tibi
1057 1626 1227 1695 gloria
1264 1625 1357 1679 fidi

158 1697 410 1766 TheseOS‚
450 1701 503 1750 et
540 1699 772 1768 lacerum
812 1698 903 1768 qui
942 1699 1082 1752 circa
1119 1699 1333 1752 moenia
1372 1698 1566 1752 Troiae

158 1770 462 1824 Priamiden
501 1789 653 1824 caeso
695 1772 891 1824 solatia
927 1772 1094 1824 traxit
1132 1772 1319 1825 amico,

1010 1959 1077 2014 V.

447 2090 567 2135 ODE
600 2090 823 2136 LYRICA
854 2091 937 2135 AD
973 2090 1309 2136 SEPTIMIUM
1341 2091 1641 2139 SEUERUM.

422 2208 585 2261 Parui
622 2209 811 2261 beatus
850 2209 988 2262 ruris
1027 2209 1339 2278 honoribus,

424 2280 540 2344 Qua
578 2282 758 2350 prisca
797 2281 1031 2335 Teucros
1070 2283 1216 2336 Alba
1254 2283 1383 2336 colit
1420 2284 1574 2353 lares,

1869 323 1926 365 85

1871 688 1927 728 90

1874 1054 1928 1094 95

1845 1420 1929 1460 100

1843 1787 1928 1828 105

275 2518 332 2558 85
367 2514 474 2558 tuos
511 2512 661 2557 infata
695 2514 822 2557 teate
854 2518 883 2555 c
914 2529 942 2556 a
972 2514 1065 2568 (sed
1094 2517 1223 2559 reate
1253 2516 1312 2571 a),
1352 2515 1540 2561 correxi.
1580 2516 1661 2560 tuo
1700 2514 1792 2561 sint
1828 2516 1927 2562 fata

158 2574 346 2617 Theano
381 2573 538 2618 Parm.
569 2572 664 2616 tuis
689 2572 782 2616 sint
810 2570 922 2626 fata,
956 2572 1099 2616 Teate
1132 2574 1218 2617 alii
1249 2574 1265 2629 ΙΙ
1307 2578 1362 2617 92
1395 2573 1723 2630 Uotiferasque
1747 2578 1804 2619 A:
1836 2577 1926 2620 Uo-

155 2632 384 2688 tiferaque
417 2632 483 2688 011
516 2635 600 2675 100
630 2630 846 2687 procellis
876 2631 1043 2677 Markl.
1066 2632 1082 2687 ΙΙ
1107 2636 1190 2675 101
1223 2632 1324 2677 11011
1356 2637 1405 2675 G:
1437 2633 1538 2677 uoti
1570 2636 1599 2676 ς
1633 2648 1660 2675 a
1687 2635 1692 2690 Ι
1721 2647 1927 2680 amorem

155 2692 314 2735 Dom..·
342 2690 565 2735 honorem
596 2694 624 2731 c
656 2704 684 2731 a.
705 2691 720 2745 ΙΙ
748 2693 828 2732 102
861 2688 978 2733 mihi
1009 2690 1100 2744 (uel
1129 2689 1235 2746 tibi)
1266 2688 1466 2735 11111811118
1495 2692 1682 2747 scripsi:
1719 2692 1929 2738 tirintius

158 2751 248 2806 (uel
277 2751 386 2806 tyr.)
419 2753 447 2791 c
475 2748 712 2793 tirinthius
743 2763 771 2791 a
811 2748 1086 2793 retinentius
1118 2748 1305 2794 Grotius
1333 2750 1381 2794 te
1413 2749 1582 2795 certius
1613 2750 1848 2796 Bentleius
1878 2753 1927 2796 te

155 2808 315 2853 mitius
346 2808 568 2862 Imhofius
590 2808 605 2864 ΙΙ
631 2811 712 2850 103
745 2806 878 2850 cedet
907 2810 944 2850 A
975 2811 1025 2850 c:
1057 2806 1182 2852 cedit
1210 2821 1239 2851 a

272 2865 328 2911 V.
364 2866 569 2911 Titulum
600 2879 655 2910 ex
684 2869 722 2908 A
754 2869 782 2907 0
813 2866 918 2910 dedi
