2014 3164
167 198 273 251 120
772 200 822 246 P.
859 200 1083 246 PAPINII
1114 201 1313 246 STATII

972 405 1122 460 VIII.

441 499 830 580 GRATULATIO
861 535 943 579 AD
974 535 1192 580 IULIUM
1221 535 1658 583 MENEGRATEM.

160 640 342 692 Pande
381 639 525 692 fores
566 656 817 707 superum
855 641 1154 710 uittataque
1191 642 1395 710 templa
1433 639 1651 695 Sabaeis

158 712 406 765 Nubibus
447 715 500 764 et
535 711 800 780 pecudum
838 713 984 766 fibris
1026 714 1357 783 spirantibus
1395 715 1555 783 inple,

158 786 519 853 Parthenope3
558 785 688 837 clari
726 802 896 855 genus
936 804 1055 839 ecce
1092 786 1412 840 Menecratis
1452 791 1615 857 auget

158 859 341 911 Tertia
378 859 486 910 iam
528 858 754 911 soboles
816 877 1098 927 procerum
1136 860 1237 913 tibi
1274 862 1456 914 nobile
1494 862 1690 931 uulgus

159 930 365 985 Crescit
403 934 456 983 et
493 931 672 983 insani
710 932 915 984 solatur
952 933 1149 985 damna
1186 932 1398 988 Ueseui.
1902 948 1928 989 5

156 1005 270 1058 Nec
311 1005 487 1058 solum
523 1005 691 1057 festas
732 1008 908 1058 erecta
944 1005 1202 1074 Neapolis
1242 1025 1362 1059 aras

157 1079 399 1131 Ambiat:
440 1081 494 1129 et
531 1078 662 1130 socii
699 1082 888 1146 portus
927 1079 1226 1147 dilectaque
1265 1080 1384 1131 miti

158 1152 323 1204 Terra
361 1150 655 1203 Dicarcheo
694 1168 790 1203 nec
828 1169 940 1203 non
977 1153 1140 1221 plaga
1178 1170 1302 1204 cara
1339 1152 1575 1206 madenti

159 1224 472 1278 Surrentina
509 1224 607 1275 deo
647 1224 803 1275 sertis
842 1224 1034 1276 altaria
1072 1225 1276 1294 cingat,

158 1299 388 1351 Materni
427 1315 533 1366 qua
570 1297 698 1348 litus
739 1297 841 1365 aui,
880 1315 1038 1366 quem
1075 1299 1236 1351 turba
1272 1302 1529 1367 nepotum
1874 1314 1928 1355 10

158 1370 361 1424 Circuit
400 1374 454 1423 et
492 1370 692 1422 similes
732 1371 1006 1423 contendit
1041 1371 1259 1424 reddere
1297 1373 1494 1425 uultus

158 1444 401 1497 Gaudeat
439 1446 493 1495 et
530 1442 734 1511 Libyca
771 1444 1072 1513 praesignis
1112 1446 1408 1498 auunculus
1446 1446 1627 1511 hasta,

158 1519 411 1586 Quaeque
451 1516 555 1568 sibi
595 1517 806 1586 genitos
845 1519 1002 1585 putat
1040 1518 1345 1587 attollitque
1383 1519 1618 1588 benigno

158 1591 313 1644 Polla
353 1591 488 1643 sinu,
548 1592 738 1658 macte,
771 1608 802 1643 o
841 1591 1067 1659 iuuenis,
1107 1591 1199 1660 qui
1236 1594 1392 1644 tanta
1430 1594 1656 1644 merenti

155 1665 384 1717 Lumina
422 1663 517 1715 das
555 1663 777 1731 patriae.
837 1664 979 1717 dulci
1016 1665 1199 1716 tremit
1237 1682 1357 1718 ecce
1394 1667 1629 1718 tumultu
1873 1679 1927 1720 15

156 1738 262 1790 Tot
299 1737 529 1790 dominis
569 1737 798 1789 clamata
837 1736 1040 1790 domus.
1099 1739 1286 1806 procul
1325 1740 1444 1791 atra
1480 1739 1693 1792 recedat

155 1811 368 1864 Inuidia
407 1812 566 1878 atque
606 1810 710 1862 alio
748 1810 973 1863 liuentia
1009 1814 1229 1879 pectora
1265 1811 1470 1864 flectat:

155 1883 257 1936 His
298 1883 504 1936 senium
541 1883 842 1952 longaeque
880 1884 1039 1936 decus
1078 1884 1297 1937 uirtutis
1336 1887 1392 1937 et
1429 1885 1552 1937 alba

154 1958 394 2026 Atropos
434 1959 489 2008 et
525 1957 732 2024 patrius
772 1957 951 2009 lauros
990 1957 1238 2025 promisit
1272 1957 1485 2026 Apollo,

154 2030 302 2101 Ergo
344 2028 486 2099 quod
523 2028 795 2082 Ausoniae
831 2032 987 2098 pater
1024 2030 1437 2099 augustissimus
1476 2031 1624 2083 urbis
1871 2045 1927 2087 20

155 2103 246 2156 Ius
284 2103 387 2155 tibi
422 2102 753 2171 tergeminae
793 2102 1011 2155 dederat
1046 2103 1298 2155 laetabile
1335 2104 1522 2172 proliS,

157 2175 327 2231 Omen
367 2178 495 2228 erat.
554 2175 706 2227 uenit
741 2176 942 2228 totiens
980 2175 1183 2229 Lucina
1219 2178 1471 2247 piumque

154 2249 388 2303 Intrauit
425 2249 654 2318 repetita
690 2249 872 2301 larem.
935 2250 1010 2302 sic
1047 2249 1255 2318 fertilis,
1294 2267 1403 2319 om,

157 2321 274 2376 Stet
311 2322 499 2375 domus
538 2324 594 2374 et
631 2321 783 2375 donis
821 2340 1114 2392 numquam
1150 2322 1354 2376 nudata
1394 2323 1632 2377 sacratis.

272 2597 396 2643 VIII.
431 2597 637 2642 Titulum
666 2611 722 2642 ex
752 2601 790 2640 A
822 2602 851 2639 c
882 2598 987 2643 dedi
1008 2599 1024 2655 ΙΙ
1047 2603 1073 2643 6
1099 2600 1254 2644 erecta
1282 2599 1467 2655 scripsi.-
1501 2601 1680 2644 secreta
1709 2604 1747 2644 A
1771 2605 1800 2643 c
1831 2602 1923 2646 lae-

155 2659 257 2702 tata
289 2656 463 2701 Markl.
500 2657 517 2713 ΙΙ
555 2660 579 2699 7
611 2655 717 2700 miti
748 2660 777 2697 c
808 2671 859 2699 a:
898 2656 1026 2701 mitis
1056 2656 1188 2702 Dom.
1228 2659 1245 2714 ΙΙ
1276 2661 1308 2701 ’8
1340 2657 1572 2702 dicarchei
1604 2663 1632 2700 c
1664 2674 1703 2714 a,
1736 2661 1923 2705 correxi.

156 2716 441 2760 Dicarcheae
474 2715 646 2759 Markl.
672 2716 687 2770 ΙΙ
713 2719 764 2757 11
798 2714 942 2759 simili
972 2741 1027 2747 -—
1059 2716 1194 2760 uultu
1223 2715 1446 2760 Heinsius
1477 2718 1493 2773 ΙΙ
1526 2722 1579 2761 15
1611 2717 1737 2762 dulci
1768 2743 1823 2751 —
1853 2721 1925 2763 tu-

155 2775 307 2819 multu
337 2777 395 2819 A:
427 2773 574 2818 dulcis
608 2799 662 2804 —
693 2773 922 2818 tumultus
955 2778 983 2815 c
1011 2776 1017 2830 Ι
1043 2774 1202 2819 fremit
1224 2774 1467 2819 Heinsius:
1499 2776 1665 2832 strepit
1695 2778 1791 2832 ipse
1821 2778 1926 2821 olim

157 2834 326 2878 conieci
362 2834 378 2888 ΙΙ
419 2837 473 2877 17
504 2831 682 2877 1111111113
710 2831 872 2876 flectat
902 2833 1076 2877 Markl.
1108 2834 1124 2889 ΙΙ
1157 2838 1211 2877 19
1242 2833 1395 2877 lauros
1427 2837 1457 2878 ς
1489 2849 1537 2877 a:
1569 2834 1698 2880 lauro
1732 2840 1760 2878 c
1788 2838 1795 2891 Ι
1819 2849 1925 2893 pro-

156 2891 304 2937 mittit
336 2891 398 2935 M
397 2891 510 2936 arkl.
534 2892 550 2947 ΙΙ
573 2895 630 2934 24
660 2891 837 2935 nudata
867 2891 1009 2935 idem·
1041 2893 1224 2936 mutata
1255 2895 1284 2933 c
1315 2906 1343 2934 a
