2014 3164
185 242 293 296 150
786 246 835 289 P.
867 245 1095 290 ΡΑΡΙΝῘΙ
1127 245 1326 291 STATII

182 364 533 432 Aequoraque
574 367 627 416 et
663 367 833 416 terras
873 382 1034 433 quam
1070 383 1169 417 nos
1209 365 1399 417 debere
1436 366 1663 433 parenti,

185 434 241 488 Si
280 437 437 489 decus
477 437 578 490 hoc
618 437 985 506 quodcumque
1024 439 1170 506 lyrae
1210 438 1517 506 primusque
1555 438 1748 492 dedisti

182 507 309 561 Non
347 511 569 578 uulgare
606 511 755 578 loqui
792 514 846 563 et
874 511 1076 563 famam
1116 528 1328 579 sperare
1367 512 1623 579 sepulcro,

184 581 368 643 Qualis
409 601 541 652 eras,
578 582 765 636 Latios
805 585 1047 652 quotiens
1089 600 1188 653 ego
1228 584 1462 636 carmine
1498 588 1677 653 patres
1858 597 1942 637 215

182 654 471 708 Mulcerem
509 656 738 725 felixque
781 658 862 710 tui
901 659 1171 725 speciator
1209 657 1422 710 adesses

181 726 440 781 Muneris!
487 729 592 782 heu
631 731 777 798 quali
814 731 1067 783 confusus
1107 730 1303 800 gaudia
1339 730 1489 802 1101511Ι

182 799 326 853 Uota
354 803 578 872 piosque
617 806 789 856 metus
828 805 971 856 inter
1006 805 1309 872 laetumque
1347 804 1624 872 pudorem!

183 872 354 935 Quam
392 878 517 928 buus
555 877 645 928 ille
684 877 810 946 dies,
849 895 1007 946 quam
1045 895 1158 930 non
1194 877 1328 929 mihi
1366 877 1539 947 gloria
1576 877 1770 931 maior!

183 946 329 1000 Talis
369 948 685 1018 Olympiaca
720 951 970 1003 iuuenem
1009 969 1130 1003 cum
1169 953 1376 1019 spectat
1411 951 1613 1003 harena
1859 964 1943 1004 220

183 1019 285 1082 Qui
318 1024 519 1091 genuiiz,
557 1024 680 1091 plus
720 1025 834 1092 ipse
872 1024 1014 1088 ferit,
1052 1024 1176 1092 plus
1216 1024 1374 1076 corde
1414 1025 1512 1076 sub
1554 1025 1663 1078 alto

182 1091 452 1164 Caeditur3
493 1097 778 1149 attendunt
815 1097 982 1161 cunei,
1022 1099 1294 1165 spectafiur
1332 1095 1561 1149 Achaeis

179 1165 276 1219 Ille
316 1171 505 1238 magis,
544 1171 729 1222 crebro
770 1170 896 1222 dum
934 1170 1141 1222 lumina
1177 1171 1413 1238 pulueris
1452 1170 1651 1223 haustu

181 1239 374 1294 Obruit
413 1246 465 1294 et
501 1261 699 1311 prensa
737 1247 900 1296 1101101,
940 1244 1180 1311 expirare
1220 1261 1432 1296 corona.
2013 1285 2014 1312 ³

179 1313 247 1365 Ei
286 1315 419 1367 mihi
458 1316 601 1385 quod
638 1319 850 1369 taniaum
888 1317 1092 1384 patrias
1133 1334 1233 1386 ego
1271 1317 1474 1370 uerssice
1511 1318 1728 1370 frondes
1860 1330 1943 1370 225

181 1385 410 1457 Solaque
451 1388 788 1442 Chalcidicae
830 1388 1071 1443 Cerealia
1109 1390 1251 1442 dona
1289 1409 1518 1443 coronae

179 1460 253 1513 Te
293 1463 392 1514 sub
430 1465 569 1515 'ueste
607 1464 731 1516 tuli!
794 1464 1005 1531 qualem
1043 1467 1097 1516 te
1136 1462 1420 1516 Dardanus
1460 1464 1633 1516 Albae

178 1533 285 1587 Uix
327 1536 558 1604 cepisseb
597 1554 738 1607 ager,
778 1538 824 1589 si
860 1556 956 1605 per
994 1555 1079 1589 me
1118 1541 1261 1589 serta
1298 1537 1514 1590 tulisses

181 1606 444 1661 Caesarea
483 1609 683 1663 donata
721 1612 906 1663 manu!
949 1611 1091 1678 quod
1130 1610 1354 1663 subdere
1391 1611 1556 1663 robur

178 1680 279 1734 Illa
318 1683 445 1752 dies,
483 1688 743 1752 quantum
780 1684 959 1752 potuit
997 1684 1291 1752 dempsisse
1331 1685 1597 1737 senectae!
1860 1697 1944 1737 230

178 1754 320 1807 Ν3111
361 1756 502 1824 quod
538 1776 623 1809 me
662 1758 830 1809 mixta
870 1775 1092 1826 quercus
1130 1776 1242 1810 non
1278 1758 1476 1826 pressit
1515 1758 1671 1824 oliua,

178 1829 252 1880 Ei
282 1829 424 1898 fugit
463 1834 708 1898 sperabus
747 1831 942 1883 honos:
982 1849 1143 1899 quam
1181 1831 1330 1883 dulce
1368 1832 1608 1898 parenbis

178 1903 380 1955 Infima
418 1903 615 1971 Tarpei
653 1905 890 1972 caperes!
953 1906 1006 1954 te
1046 1906 1234 1955 nostra
1270 1904 1531 1973 magistro

179 1976 412 2028 Thebais
451 1977 680 2045 urgebat
716 1977 1015 2044 priscorum
1055 1976 1270 2029 exordia
1306 1979 1514 2046 uatum3

178 2049 259 2101 Tu
291 2053 480 2102 cantus
523 2050 799 2102 sbimulare
839 2068 1002 2117 meOS‚
1040 2053 1101 2101 tu
1139 2050 1372 2118 pandere
1410 2049 1575 2102 facta
1857 2063 1941 2104 235

176 2122 424 2176 Heroum
456 2123 688 2192 bellique
727 2124 914 2176 modos
953 2124 1268 2192 positusque
1307 2124 1548 2176 locorum

177 2195 538 2249 Monstrabas.
612 2197 764 2249 labat
800 2197 1004 2249 incerto
1036 2197 1169 2249 mihi
1206 2197 1376 2249 limisse
1407 2215 1590 2250 cursus

297 2463 381 2503 212
414 2472 498 2502 nos
529 2472 627 2515 eqo:
664 2471 748 2502 uos
780 2462 809 2500 c
842 2474 868 2501 a
891 2460 906 2515 ΙΙ
930 2463 1014 2502 213
1049 2458 1097 2502 Si
1129 2460 1203 2509 (=
1236 2457 1480 2513 siquidem)
1512 2458 1698 2514 scripsi:
1734 2457 1824 2502 Sed
1856 2462 1884 2499 c
1917 2473 1942 2500 a

180 2517 255 2561 Sic
285 2518 570 2574 3319011215
613 2531 712 2561 eras
752 2521 789 2559 A
829 2522 879 2560 c:
912 2519 1012 2561 erat
1044 2521 1073 2561 ς
1097 2518 1112 2573 ΙΙ
1136 2522 1221 2561 218
1252 2517 1377 2560 Uota
1407 2520 1436 2560 ς
1469 2531 1516 2560 a:
1553 2517 1678 2560 Nota
1710 2521 1737 2558 c
1766 2520 1771 2573 1
1799 2530 1941 2572 pauo-

178 2590 276 2620 rem
315 2576 537 2620 Heinsius
567 2577 582 2632 ΙΙ
612 2581 697 2619 219
740 2576 887 2628 Quam
923 2577 1030 2619 tuus
1068 2575 1152 2618 A*:
1195 2575 1412 2628 Quamuis
1449 2579 1477 2616 0
1505 2575 1511 2630 Ι
1539 2589 1678 2631 quam
1711 2579 1738 2617 G
1771 2590 1818 2619 a:
1852 2589 1943 2630 qua
1980 2621 1985 2624 ,

179 2637 275 2680 edd.
300 2637 316 2692 ΙΙ
339 2640 424 2679 222
456 2635 715 2679 accendunt
744 2635 967 2678 Heinsius
994 2637 999 2687 1
1026 2633 1223 2678 Achaeis
1256 2634 1499 2688 Imhofius:
1524 2634 1711 2678 achates
1737 2638 1764 2675 c
1789 2639 1943 2678 acates

179 2710 207 2738 a
229 2696 244 2751 ΙΙ
268 2700 352 2738 223
384 2693 541 2738 hausti
572 2698 600 2735 0
632 2708 671 2749 a,
704 2707 817 2737 corr.
849 2694 981 2737 Dom.
1006 2694 1022 2750 ΙΙ
1046 2698 1131 2737 228
1165 2691 1486 2749 Conspexisset
1516 2692 1795 2736 Schraderus
1817 2694 1832 2749 ΙΙ
1856 2697 1940 2736 231

178 2755 283 2798 Heu
321 2753 446 2809 quod.
487 2753 661 2797 Markl.
693 2753 708 2808 ΙΙ
738 2757 823 2795 232
865 2766 1006 2807 quam
1043 2752 1229 2807 scripsi:
1269 2765 1361 2807 qua
1398 2754 1436 2793 A
1479 2754 1507 2792 C
1569 2765 1675 2795 cum
1705 2752 1942 2795 Amantius

180 2827 284 2856 cum
314 2812 417 2856 luce
456 2827 499 2868 p.
539 2810 677 2855 Irrissa
723 2812 773 2854 T.
823 2824 1034 2854 canerem
1073 2809 1336 2854 Gronouius
1383 2824 1486 2854 cum
1523 2810 1671 2854 lustra
1700 2825 1746 2867 p.
1777 2809 1942 2854 Inuida

116 2915 119 2918 ,
181 2871 231 2916 Τ.
259 2884 471 2915 canerem
505 2871 676 2914 Markl.
702 2871 716 2926 ΙΙ
740 2874 823 2913 233
857 2869 1026 2913 Intima
1055 2870 1240 2925 scripsi.-
1269 2868 1432 2912 Inuida
1464 2872 1492 2910 c
1524 2883 1551 2911 a
1579 2872 1584 2924 Ι
1613 2882 1799 2926 caperes
1822 2872 1860 2911 A
1891 2872 1940 2912 ῦς

174 2943 365 2986 raperes
389 2941 415 2976 ς
439 2931 454 2986 ΙΙ
478 2934 562 2973 237
595 2943 658 2973 om
686 2928 872 2984 incepbo
904 2928 970 2983 (in
1000 2929 1181 2984 coepto)
1212 2926 1237 2970 ,2
