<?xml version="1.0" encoding="UTF-8"?>
<!DOCTYPE html PUBLIC "-//W3C//DTD XHTML 1.0 Transitional//EN"
    "http://www.w3.org/TR/xhtml1/DTD/xhtml1-transitional.dtd">
<html xmlns="http://www.w3.org/1999/xhtml" xml:lang="en" lang="en">
 <head>
  <title>
</title>
<meta http-equiv="Content-Type" content="text/html;charset=utf-8" />
  <meta name='ocr-system' content='tesseract 3.04.00' />
  <meta name='ocr-capabilities' content='ocr_page ocr_carea ocr_par ocr_line ocrx_word'/>
</head>
<body>
  <div class='ocr_page' id='page_1' title='image "./operapapinius01statuoft_0169.png"; bbox 0 0 2014 3164; ppageno 0'>
   <div class='ocr_carea' id='block_1_1' title="bbox 733 172 1881 229">
    <p class='ocr_par' dir='ltr' id='par_1_1' title="bbox 733 172 1881 229">
     <span class='ocr_line' id='line_1_1' title="bbox 733 172 1881 229; baseline 0.009 -11"><span class='ocrx_word' id='word_1_1' title='bbox 733 172 1044 219; x_wconf 81' lang='lat' dir='ltr'><strong>SILUARUM</strong></span> <span class='ocrx_word' id='word_1_2' title='bbox 1074 173 1126 220; x_wconf 89' lang='lat' dir='ltr'>L.</span> <span class='ocrx_word' id='word_1_3' title='bbox 1157 172 1213 229; x_wconf 87' lang='lat' dir='ltr'>V,</span> <span class='ocrx_word' id='word_1_4' title='bbox 1244 178 1286 220; x_wconf 81' lang='grc'>8.</span> <span class='ocrx_word' id='word_1_5' title='bbox 1779 175 1881 228; x_wconf 83' lang='grc'>143</span> 
     </span>
    </p>
   </div>
   <div class='ocr_carea' id='block_1_2' title="bbox 118 291 1885 583">
    <p class='ocr_par' dir='ltr' id='par_1_2' title="bbox 119 291 1885 509">
     <span class='ocr_line' id='line_1_2' title="bbox 122 291 1718 363; baseline 0.002 -18"><span class='ocrx_word' id='word_1_6' title='bbox 122 291 362 347; x_wconf 88' lang='lat' dir='ltr'>Primum</span> <span class='ocrx_word' id='word_1_7' title='bbox 400 293 636 347; x_wconf 89' lang='lat' dir='ltr'>animum</span> <span class='ocrx_word' id='word_1_8' title='bbox 675 292 960 362; x_wconf 84' lang='lat' dir='ltr'>tacitisque</span> <span class='ocrx_word' id='word_1_9' title='bbox 999 292 1163 346; x_wconf 87' lang='lat' dir='ltr'>situm</span> <span class='ocrx_word' id='word_1_10' title='bbox 1201 293 1466 363; x_wconf 83' lang='lat' dir='ltr'>depellere</span> <span class='ocrx_word' id='word_1_11' title='bbox 1505 293 1718 348; x_wconf 89' lang='lat' dir='ltr'>chordis</span> 
     </span>
     <span class='ocr_line' id='line_1_3' title="bbox 119 363 1885 421; baseline 0.001 -2"><span class='ocrx_word' id='word_1_12' title='bbox 119 363 277 419; x_wconf 88' lang='lat' dir='ltr'>Nunc</span> <span class='ocrx_word' id='word_1_13' title='bbox 317 365 481 420; x_wconf 88' lang='lat' dir='ltr'>etiam</span> <span class='ocrx_word' id='word_1_14' title='bbox 519 365 736 419; x_wconf 90' lang='lat' dir='ltr'>labente</span> <span class='ocrx_word' id='word_1_15' title='bbox 774 383 939 420; x_wconf 90' lang='lat' dir='ltr'>manu</span> <span class='ocrx_word' id='word_1_16' title='bbox 976 383 1075 419; x_wconf 93' lang='lat' dir='ltr'>nec</span> <span class='ocrx_word' id='word_1_17' title='bbox 1105 366 1303 420; x_wconf 90' lang='lat' dir='ltr'>lumine</span> <span class='ocrx_word' id='word_1_18' title='bbox 1335 367 1474 421; x_wconf 89' lang='lat' dir='ltr'>sicco</span> <span class='ocrx_word' id='word_1_19' title='bbox 1830 382 1885 421; x_wconf 84' lang='lat'>35</span> 
     </span>
     <span class='ocr_line' id='line_1_4' title="bbox 120 436 1444 509; baseline 0.001 -16"><span class='ocrx_word' id='word_1_20' title='bbox 120 436 314 493; x_wconf 88' lang='lat' dir='ltr'><strong>Ordior</strong></span> <span class='ocrx_word' id='word_1_21' title='bbox 352 438 571 493; x_wconf 88' lang='lat' dir='ltr'>acclinis</span> <span class='ocrx_word' id='word_1_22' title='bbox 609 439 832 508; x_wconf 86' lang='lat' dir='ltr'>tumulo,</span> <span class='ocrx_word' id='word_1_23' title='bbox 871 457 975 509; x_wconf 92' lang='lat' dir='ltr'>quo</span> <span class='ocrx_word' id='word_1_24' title='bbox 1014 439 1175 492; x_wconf 90' lang='lat' dir='ltr'>molle</span> <span class='ocrx_word' id='word_1_25' title='bbox 1215 441 1444 508; x_wconf 81' lang='lat' dir='ltr'>quiescis</span> 
     </span>
    </p>

    <p class='ocr_par' dir='ltr' id='par_1_3' title="bbox 118 510 1467 583">
     <span class='ocr_line' id='line_1_5' title="bbox 118 510 1467 583; baseline 0.001 -18"><span class='ocrx_word' id='word_1_26' title='bbox 118 510 314 583; x_wconf 85' lang='lat' dir='ltr'>Iugera</span> <span class='ocrx_word' id='word_1_27' title='bbox 350 514 536 566; x_wconf 89' lang='lat' dir='ltr'>nostra</span> <span class='ocrx_word' id='word_1_28' title='bbox 573 515 779 581; x_wconf 87' lang='lat' dir='ltr'>tenens,</span> <span class='ocrx_word' id='word_1_29' title='bbox 818 513 909 567; x_wconf 92' lang='lat' dir='ltr'>ubi</span> <span class='ocrx_word' id='word_1_30' title='bbox 948 516 1074 582; x_wconf 88' lang='lat' dir='ltr'>post</span> <span class='ocrx_word' id='word_1_31' title='bbox 1112 513 1313 566; x_wconf 88' lang='lat' dir='ltr'>Aeneia</span> <span class='ocrx_word' id='word_1_32' title='bbox 1351 514 1467 567; x_wconf 86' lang='lat' dir='ltr'>fata</span> 
     </span>
    </p>
   </div>
   <div class='ocr_carea' id='block_1_3' title="bbox 4 583 1429 656">
    <p class='ocr_par' dir='ltr' id='par_1_4' title="bbox 4 583 1429 656">
     <span class='ocr_line' id='line_1_6' title="bbox 4 583 1429 656; baseline 0.001 -17"><span class='ocrx_word' id='word_1_33' title='bbox 4 591 5 595; x_wconf 75' lang='grc'>’</span> <span class='ocrx_word' id='word_1_34' title='bbox 69 611 71 614; x_wconf 47' lang='lat'><strong>⁴</strong></span> <span class='ocrx_word' id='word_1_35' title='bbox 120 583 401 639; x_wconf 82' lang='lat' dir='ltr'>Stellatam</span> <span class='ocrx_word' id='word_1_36' title='bbox 439 584 611 639; x_wconf 87' lang='lat' dir='ltr'>Latiis</span> <span class='ocrx_word' id='word_1_37' title='bbox 650 586 878 656; x_wconf 76' lang='lat' dir='ltr'>ingessit</span> <span class='ocrx_word' id='word_1_38' title='bbox 915 586 1189 640; x_wconf 87' lang='lat' dir='ltr'>montibus</span> <span class='ocrx_word' id='word_1_39' title='bbox 1228 585 1429 640; x_wconf 82' lang='lat' dir='ltr'><strong>Albam</strong></span> 
     </span>
    </p>
   </div>
   <div class='ocr_carea' id='block_1_4' title="bbox 0 0 80 3164">
    <p class='ocr_par' dir='ltr' id='par_1_5' title="bbox 0 0 80 3164">
     <span class='ocr_line' id='line_1_7' title="bbox 0 0 80 3164; baseline 0 0"><span class='ocrx_word' id='word_1_40' title='bbox 0 0 80 3164; x_wconf 95' lang='lat' dir='ltr'> </span> 
     </span>
    </p>
   </div>
   <div class='ocr_carea' id='block_1_5' title="bbox 61 657 1887 2049">
    <p class='ocr_par' dir='ltr' id='par_1_6' title="bbox 117 657 1665 730">
     <span class='ocr_line' id='line_1_8' title="bbox 117 657 1665 730; baseline 0.001 -18"><span class='ocrx_word' id='word_1_41' title='bbox 117 658 398 727; x_wconf 89' lang='lat' dir='ltr'>Ascanius,</span> <span class='ocrx_word' id='word_1_42' title='bbox 435 657 676 729; x_wconf 84' lang='lat' dir='ltr'>Phrygio</span> <span class='ocrx_word' id='word_1_43' title='bbox 717 659 842 712; x_wconf 92' lang='lat' dir='ltr'>dum</span> <span class='ocrx_word' id='word_1_44' title='bbox 880 659 1107 730; x_wconf 80' lang='lat' dir='ltr'>pingues</span> <span class='ocrx_word' id='word_1_45' title='bbox 1146 661 1407 729; x_wconf 87' lang='lat' dir='ltr'>sanguine</span> <span class='ocrx_word' id='word_1_46' title='bbox 1447 679 1665 730; x_wconf 89' lang='lat' dir='ltr'>campos</span> 
     </span>
    </p>

    <p class='ocr_par' dir='ltr' id='par_1_7' title="bbox 117 730 1887 876">
     <span class='ocr_line' id='line_1_9' title="bbox 119 730 1887 803; baseline 0.002 -19"><span class='ocrx_word' id='word_1_47' title='bbox 119 730 247 785; x_wconf 91' lang='lat' dir='ltr'>Odit</span> <span class='ocrx_word' id='word_1_48' title='bbox 286 735 341 785; x_wconf 90' lang='lat' dir='ltr'>et</span> <span class='ocrx_word' id='word_1_49' title='bbox 376 731 643 786; x_wconf 75' lang='lat' dir='ltr'>infaustae</span> <span class='ocrx_word' id='word_1_50' title='bbox 682 749 908 803; x_wconf 90' lang='lat' dir='ltr'>regnum</span> <span class='ocrx_word' id='word_1_51' title='bbox 948 732 1126 786; x_wconf 84' lang='lat' dir='ltr'>dotale</span> <span class='ocrx_word' id='word_1_52' title='bbox 1164 751 1444 787; x_wconf 85' lang='lat' dir='ltr'>nouercae.</span> <span class='ocrx_word' id='word_1_53' title='bbox 1829 748 1887 788; x_wconf 79' lang='lat'>40</span> 
     </span>
     <span class='ocr_line' id='line_1_10' title="bbox 117 803 1448 876; baseline 0.001 -18"><span class='ocrx_word' id='word_1_54' title='bbox 117 803 221 859; x_wconf 90' lang='lat' dir='ltr'>Hic</span> <span class='ocrx_word' id='word_1_55' title='bbox 261 822 361 876; x_wconf 90' lang='lat' dir='ltr'>ego</span> <span class='ocrx_word' id='word_1_56' title='bbox 401 808 454 859; x_wconf 89' lang='lat' dir='ltr'>te</span> <span class='ocrx_word' id='word_1_57' title='bbox 494 803 644 874; x_wconf 91' lang='lat' dir='ltr'>(nam</span> <span class='ocrx_word' id='word_1_58' title='bbox 684 803 886 859; x_wconf 86' lang='lat' dir='ltr'>Sicanii</span> <span class='ocrx_word' id='word_1_59' title='bbox 922 823 1033 859; x_wconf 92' lang='lat' dir='ltr'>non</span> <span class='ocrx_word' id='word_1_60' title='bbox 1073 806 1254 859; x_wconf 86' lang='lat' dir='ltr'>mitius</span> <span class='ocrx_word' id='word_1_61' title='bbox 1294 806 1448 860; x_wconf 88' lang='lat' dir='ltr'>halat</span> 
     </span>
    </p>

    <p class='ocr_par' dir='ltr' id='par_1_8' title="bbox 117 876 1421 947">
     <span class='ocr_line' id='line_1_11' title="bbox 117 876 1421 947; baseline 0.002 -16"><span class='ocrx_word' id='word_1_62' title='bbox 117 876 268 931; x_wconf 86' lang='lat' dir='ltr'>Aura</span> <span class='ocrx_word' id='word_1_63' title='bbox 307 878 462 947; x_wconf 90' lang='lat' dir='ltr'>croci,</span> <span class='ocrx_word' id='word_1_64' title='bbox 501 877 628 932; x_wconf 88' lang='lat' dir='ltr'>ditis</span> <span class='ocrx_word' id='word_1_65' title='bbox 667 896 766 932; x_wconf 92' lang='lat' dir='ltr'>nec</span> <span class='ocrx_word' id='word_1_66' title='bbox 807 878 884 932; x_wconf 86' lang='lat' dir='ltr'>sic</span> <span class='ocrx_word' id='word_1_67' title='bbox 921 878 1022 932; x_wconf 91' lang='lat' dir='ltr'>tibi</span> <span class='ocrx_word' id='word_1_68' title='bbox 1060 897 1186 933; x_wconf 87' lang='lat' dir='ltr'>cara</span> <span class='ocrx_word' id='word_1_69' title='bbox 1226 878 1421 933; x_wconf 86' lang='lat' dir='ltr'>Sabaei</span> 
     </span>
    </p>

    <p class='ocr_par' dir='ltr' id='par_1_9' title="bbox 119 948 1582 1023">
     <span class='ocr_line' id='line_1_12' title="bbox 119 948 1582 1023; baseline 0.001 -18"><span class='ocrx_word' id='word_1_70' title='bbox 119 948 400 1016; x_wconf 83' lang='lat' dir='ltr'>Ginnama,</span> <span class='ocrx_word' id='word_1_71' title='bbox 441 951 693 1006; x_wconf 87' lang='lat' dir='ltr'>odoratas</span> <span class='ocrx_word' id='word_1_72' title='bbox 732 970 831 1005; x_wconf 91' lang='lat' dir='ltr'>nec</span> <span class='ocrx_word' id='word_1_73' title='bbox 870 951 1047 1005; x_wconf 86' lang='lat' dir='ltr'>Arabs</span> <span class='ocrx_word' id='word_1_74' title='bbox 1086 952 1325 1022; x_wconf 74' lang='lat' dir='ltr'>decerpit</span> <span class='ocrx_word' id='word_1_75' title='bbox 1362 952 1582 1023; x_wconf 85' lang='lat' dir='ltr'>aristas)</span> 
     </span>
    </p>

    <p class='ocr_par' dir='ltr' id='par_1_10' title="bbox 62 1023 1464 1097">
     <span class='ocr_line' id='line_1_13' title="bbox 62 1023 1464 1097; baseline 0.002 -20"><span class='ocrx_word' id='word_1_76' title='bbox 62 1047 63 1051; x_wconf 46' lang='lat'>¹</span> <span class='ocrx_word' id='word_1_77' title='bbox 116 1023 322 1078; x_wconf 88' lang='lat' dir='ltr'>Inferni</span> <span class='ocrx_word' id='word_1_78' title='bbox 362 1042 481 1080; x_wconf 85' lang='lat' dir='ltr'>cum</span> <span class='ocrx_word' id='word_1_79' title='bbox 519 1025 676 1078; x_wconf 87' lang='lat' dir='ltr'>laude</span> <span class='ocrx_word' id='word_1_80' title='bbox 715 1026 862 1079; x_wconf 90' lang='lat' dir='ltr'>lacus</span> <span class='ocrx_word' id='word_1_81' title='bbox 903 1029 956 1078; x_wconf 90' lang='lat' dir='ltr'>et</span> <span class='ocrx_word' id='word_1_82' title='bbox 994 1027 1225 1079; x_wconf 85' lang='lat' dir='ltr'>carmine</span> <span class='ocrx_word' id='word_1_83' title='bbox 1264 1026 1464 1097; x_wconf 89' lang='lat' dir='ltr'>plango</span> 
     </span>
    </p>

    <p class='ocr_par' dir='ltr' id='par_1_11' title="bbox 117 1097 1885 1242">
     <span class='ocr_line' id='line_1_14' title="bbox 117 1097 1885 1169; baseline 0.002 -17"><span class='ocrx_word' id='word_1_84' title='bbox 117 1097 319 1167; x_wconf 85' lang='lat' dir='ltr'>Pieri03</span> <span class='ocrx_word' id='word_1_85' title='bbox 361 1115 510 1152; x_wconf 89' lang='lat' dir='ltr'>sume</span> <span class='ocrx_word' id='word_1_86' title='bbox 549 1116 578 1152; x_wconf 91' lang='lat'><em>0</em></span> <span class='ocrx_word' id='word_1_87' title='bbox 617 1099 847 1169; x_wconf 84' lang='lat' dir='ltr'>gemitus</span> <span class='ocrx_word' id='word_1_88' title='bbox 888 1102 942 1151; x_wconf 91' lang='lat' dir='ltr'>et</span> <span class='ocrx_word' id='word_1_89' title='bbox 981 1116 1204 1152; x_wconf 88' lang='lat' dir='ltr'>munera</span> <span class='ocrx_word' id='word_1_90' title='bbox 1243 1101 1358 1153; x_wconf 90' lang='lat' dir='ltr'>nati</span> <span class='ocrx_word' id='word_1_91' title='bbox 1829 1116 1885 1157; x_wconf 81' lang='lat'>45</span> 
     </span>
     <span class='ocr_line' id='line_1_15' title="bbox 117 1170 1676 1242; baseline 0.001 -16"><span class='ocrx_word' id='word_1_92' title='bbox 117 1170 192 1226; x_wconf 83' lang='lat' dir='ltr'>Et</span> <span class='ocrx_word' id='word_1_93' title='bbox 229 1171 492 1240; x_wconf 87' lang='lat' dir='ltr'>lacrimas,</span> <span class='ocrx_word' id='word_1_94' title='bbox 531 1172 639 1224; x_wconf 88' lang='lat' dir='ltr'>rari</span> <span class='ocrx_word' id='word_1_95' title='bbox 679 1190 810 1241; x_wconf 87' lang='lat' dir='ltr'>quas</span> <span class='ocrx_word' id='word_1_96' title='bbox 850 1190 1103 1241; x_wconf 90' lang='lat' dir='ltr'>umquam</span> <span class='ocrx_word' id='word_1_97' title='bbox 1141 1172 1375 1226; x_wconf 90' lang='lat' dir='ltr'>habuere</span> <span class='ocrx_word' id='word_1_98' title='bbox 1414 1178 1676 1242; x_wconf 82' lang='lat' dir='ltr'>parentes,</span> 
     </span>
    </p>

    <p class='ocr_par' dir='ltr' id='par_1_12' title="bbox 64 1243 1623 1316">
     <span class='ocr_line' id='line_1_16' title="bbox 64 1243 1623 1316; baseline 0.001 -18"><span class='ocrx_word' id='word_1_99' title='bbox 64 1271 66 1275; x_wconf 54' lang='lat'>&gt;</span> <span class='ocrx_word' id='word_1_100' title='bbox 120 1243 296 1314; x_wconf 85' lang='lat' dir='ltr'>Atque</span> <span class='ocrx_word' id='word_1_101' title='bbox 334 1244 542 1298; x_wconf 87' lang='lat' dir='ltr'>utinam</span> <span class='ocrx_word' id='word_1_102' title='bbox 580 1245 800 1298; x_wconf 88' lang='lat' dir='ltr'>fortuna</span> <span class='ocrx_word' id='word_1_103' title='bbox 838 1246 987 1313; x_wconf 90' lang='lat' dir='ltr'>mihi,</span> <span class='ocrx_word' id='word_1_104' title='bbox 1027 1245 1151 1298; x_wconf 86' lang='lat' dir='ltr'>dare</span> <span class='ocrx_word' id='word_1_105' title='bbox 1191 1247 1440 1300; x_wconf 86' lang='lat' dir='ltr'>manibus</span> <span class='ocrx_word' id='word_1_106' title='bbox 1479 1265 1623 1316; x_wconf 86' lang='lat' dir='ltr'>aras,</span> 
     </span>
    </p>

    <p class='ocr_par' dir='ltr' id='par_1_13' title="bbox 117 1317 1529 1389">
     <span class='ocr_line' id='line_1_17' title="bbox 117 1317 1529 1389; baseline 0.001 -18"><span class='ocrx_word' id='word_1_107' title='bbox 117 1317 225 1372; x_wconf 89' lang='lat' dir='ltr'>Par</span> <span class='ocrx_word' id='word_1_108' title='bbox 260 1318 476 1388; x_wconf 91' lang='lat' dir='ltr'>templis</span> <span class='ocrx_word' id='word_1_109' title='bbox 517 1336 667 1388; x_wconf 83' lang='lat' dir='ltr'>opus,</span> <span class='ocrx_word' id='word_1_110' title='bbox 707 1318 1010 1387; x_wconf 87' lang='lat' dir='ltr'>aeriamque</span> <span class='ocrx_word' id='word_1_111' title='bbox 1050 1319 1271 1372; x_wconf 89' lang='lat' dir='ltr'>educere</span> <span class='ocrx_word' id='word_1_112' title='bbox 1311 1321 1529 1389; x_wconf 90' lang='lat' dir='ltr'>molem,</span> 
     </span>
    </p>

    <p class='ocr_par' dir='ltr' id='par_1_14' title="bbox 117 1385 1887 1608">
     <span class='ocr_line' id='line_1_18' title="bbox 118 1385 1517 1461; baseline 0.001 -15"><span class='ocrx_word' id='word_1_113' title='bbox 118 1390 417 1461; x_wconf 83' lang='lat' dir='ltr'>Cyclopum</span> <span class='ocrx_word' id='word_1_114' title='bbox 458 1392 706 1461; x_wconf 88' lang='lat' dir='ltr'>scopulos</span> <span class='ocrx_word' id='word_1_115' title='bbox 740 1385 889 1445; x_wconf 73' lang='lat' dir='ltr'>‘ultra</span> <span class='ocrx_word' id='word_1_116' title='bbox 927 1395 1084 1461; x_wconf 90' lang='lat' dir='ltr'>atque</span> <span class='ocrx_word' id='word_1_117' title='bbox 1125 1392 1348 1446; x_wconf 84' lang='lat' dir='ltr'>audacia</span> <span class='ocrx_word' id='word_1_118' title='bbox 1387 1412 1517 1447; x_wconf 84' lang='lat' dir='ltr'>saxa</span> 
     </span>
     <span class='ocr_line' id='line_1_19' title="bbox 118 1464 1887 1535; baseline 0.002 -17"><span class='ocrx_word' id='word_1_119' title='bbox 118 1464 482 1535; x_wconf 87' lang='lat' dir='ltr'>Pyramidum,</span> <span class='ocrx_word' id='word_1_120' title='bbox 522 1467 576 1518; x_wconf 89' lang='lat' dir='ltr'>et</span> <span class='ocrx_word' id='word_1_121' title='bbox 614 1482 812 1535; x_wconf 90' lang='lat' dir='ltr'>magno</span> <span class='ocrx_word' id='word_1_122' title='bbox 852 1466 1118 1519; x_wconf 85' lang='lat' dir='ltr'>tumulum</span> <span class='ocrx_word' id='word_1_123' title='bbox 1158 1470 1465 1535; x_wconf 85' lang='lat' dir='ltr'>praetexere</span> <span class='ocrx_word' id='word_1_124' title='bbox 1505 1468 1646 1521; x_wconf 83' lang='lat' dir='ltr'>luco!</span> <span class='ocrx_word' id='word_1_125' title='bbox 1828 1482 1887 1523; x_wconf 80' lang='lat'>60</span> 
     </span>
     <span class='ocr_line' id='line_1_20' title="bbox 117 1536 1355 1608; baseline 0 -16"><span class='ocrx_word' id='word_1_126' title='bbox 117 1537 234 1592; x_wconf 88' lang='lat' dir='ltr'>Illic</span> <span class='ocrx_word' id='word_1_127' title='bbox 273 1541 328 1592; x_wconf 89' lang='lat' dir='ltr'>et</span> <span class='ocrx_word' id='word_1_128' title='bbox 366 1536 532 1592; x_wconf 84' lang='lat' dir='ltr'>Siculi</span> <span class='ocrx_word' id='word_1_129' title='bbox 571 1557 907 1607; x_wconf 88' lang='lat' dir='ltr'>superassem</span> <span class='ocrx_word' id='word_1_130' title='bbox 947 1539 1088 1592; x_wconf 88' lang='lat' dir='ltr'>dona</span> <span class='ocrx_word' id='word_1_131' title='bbox 1126 1541 1355 1608; x_wconf 88' lang='lat' dir='ltr'>sepulcri</span> 
     </span>
    </p>

    <p class='ocr_par' dir='ltr' id='par_1_15' title="bbox 115 1610 1569 1681">
     <span class='ocr_line' id='line_1_21' title="bbox 115 1610 1569 1681; baseline 0.002 -17"><span class='ocrx_word' id='word_1_132' title='bbox 115 1610 191 1665; x_wconf 84' lang='lat' dir='ltr'>Et</span> <span class='ocrx_word' id='word_1_133' title='bbox 228 1610 456 1665; x_wconf 89' lang='lat' dir='ltr'>Nemees</span> <span class='ocrx_word' id='word_1_134' title='bbox 494 1611 674 1666; x_wconf 90' lang='lat' dir='ltr'>lucum</span> <span class='ocrx_word' id='word_1_135' title='bbox 712 1616 766 1665; x_wconf 88' lang='lat' dir='ltr'>et</span> <span class='ocrx_word' id='word_1_136' title='bbox 802 1612 1017 1681; x_wconf 90' lang='lat' dir='ltr'>Pelopis</span> <span class='ocrx_word' id='word_1_137' title='bbox 1058 1613 1338 1666; x_wconf 87' lang='lat' dir='ltr'>sollemnia</span> <span class='ocrx_word' id='word_1_138' title='bbox 1378 1614 1569 1667; x_wconf 83' lang='lat' dir='ltr'>trunci.</span> 
     </span>
    </p>

    <p class='ocr_par' dir='ltr' id='par_1_16' title="bbox 117 1683 1251 1740">
     <span class='ocr_line' id='line_1_22' title="bbox 117 1683 1251 1740; baseline 0.003 -3"><span class='ocrx_word' id='word_1_139' title='bbox 117 1684 233 1738; x_wconf 88' lang='lat' dir='ltr'>Illic</span> <span class='ocrx_word' id='word_1_140' title='bbox 272 1683 494 1738; x_wconf 89' lang='lat' dir='ltr'>Oebalio</span> <span class='ocrx_word' id='word_1_141' title='bbox 531 1703 641 1739; x_wconf 92' lang='lat' dir='ltr'>non</span> <span class='ocrx_word' id='word_1_142' title='bbox 678 1685 904 1738; x_wconf 87' lang='lat' dir='ltr'>finderet</span> <span class='ocrx_word' id='word_1_143' title='bbox 941 1704 1066 1738; x_wconf 89' lang='lat' dir='ltr'>aera</span> <span class='ocrx_word' id='word_1_144' title='bbox 1104 1686 1251 1740; x_wconf 87' lang='lat' dir='ltr'>disco</span> 
     </span>
    </p>

    <p class='ocr_par' dir='ltr' id='par_1_17' title="bbox 118 1756 1458 1830">
     <span class='ocr_line' id='line_1_23' title="bbox 118 1756 1458 1830; baseline 0.001 -19"><span class='ocrx_word' id='word_1_145' title='bbox 118 1756 403 1812; x_wconf 87' lang='lat' dir='ltr'>Graiorum</span> <span class='ocrx_word' id='word_1_146' title='bbox 442 1758 524 1812; x_wconf 93' lang='lat' dir='ltr'>uis</span> <span class='ocrx_word' id='word_1_147' title='bbox 564 1759 670 1812; x_wconf 93' lang='lat' dir='ltr'>uda</span> <span class='ocrx_word' id='word_1_148' title='bbox 707 1759 898 1826; x_wconf 91' lang='lat' dir='ltr'>uirum,</span> <span class='ocrx_word' id='word_1_149' title='bbox 937 1777 1046 1811; x_wconf 92' lang='lat' dir='ltr'>non</span> <span class='ocrx_word' id='word_1_150' title='bbox 1086 1778 1218 1812; x_wconf 88' lang='lat' dir='ltr'>arua</span> <span class='ocrx_word' id='word_1_151' title='bbox 1256 1761 1458 1830; x_wconf 85' lang='lat' dir='ltr'>rigaret</span> 
     </span>
    </p>

    <p class='ocr_par' dir='ltr' id='par_1_18' title="bbox 61 1830 1885 2049">
     <span class='ocr_line' id='line_1_24' title="bbox 118 1830 1885 1903; baseline 0.002 -18"><span class='ocrx_word' id='word_1_152' title='bbox 118 1830 291 1886; x_wconf 87' lang='lat' dir='ltr'>Sudor</span> <span class='ocrx_word' id='word_1_153' title='bbox 329 1849 523 1901; x_wconf 91' lang='lat' dir='ltr'>equum</span> <span class='ocrx_word' id='word_1_154' title='bbox 562 1835 656 1885; x_wconf 88' lang='lat' dir='ltr'>aut</span> <span class='ocrx_word' id='word_1_155' title='bbox 694 1832 840 1901; x_wconf 87' lang='lat' dir='ltr'>putri</span> <span class='ocrx_word' id='word_1_156' title='bbox 879 1832 1113 1885; x_wconf 87' lang='lat' dir='ltr'>sonitum</span> <span class='ocrx_word' id='word_1_157' title='bbox 1145 1832 1299 1886; x_wconf 87' lang='lat' dir='ltr'>daret</span> <span class='ocrx_word' id='word_1_158' title='bbox 1328 1834 1533 1903; x_wconf 85' lang='lat' dir='ltr'>ungula</span> <span class='ocrx_word' id='word_1_159' title='bbox 1564 1851 1776 1903; x_wconf 83' lang='lat' dir='ltr'>camp03</span> <span class='ocrx_word' id='word_1_160' title='bbox 1828 1847 1885 1888; x_wconf 81' lang='lat'>55</span> 
     </span>
     <span class='ocr_line' id='line_1_25' title="bbox 61 1902 1641 1974; baseline 0.001 -16"><span class='ocrx_word' id='word_1_161' title='bbox 61 1925 65 1940; x_wconf 62' lang='lat'><em>*</em></span> <span class='ocrx_word' id='word_1_162' title='bbox 119 1902 224 1958; x_wconf 80' lang='lat' dir='ltr'>Sed</span> <span class='ocrx_word' id='word_1_163' title='bbox 263 1903 466 1959; x_wconf 90' lang='lat' dir='ltr'>Phoebi</span> <span class='ocrx_word' id='word_1_164' title='bbox 505 1904 730 1974; x_wconf 82' lang='lat' dir='ltr'>simplex</span> <span class='ocrx_word' id='word_1_165' title='bbox 769 1905 978 1973; x_wconf 78' lang='lat' dir='ltr'>choruS,</span> <span class='ocrx_word' id='word_1_166' title='bbox 1017 1908 1072 1958; x_wconf 92' lang='lat' dir='ltr'>et</span> <span class='ocrx_word' id='word_1_167' title='bbox 1109 1904 1415 1959; x_wconf 87' lang='lat' dir='ltr'>frondentia</span> <span class='ocrx_word' id='word_1_168' title='bbox 1454 1910 1641 1960; x_wconf 82' lang='lat' dir='ltr'>uatum</span> 
     </span>
     <span class='ocr_line' id='line_1_26' title="bbox 117 1977 1412 2049; baseline 0.002 -18"><span class='ocrx_word' id='word_1_169' title='bbox 117 1977 362 2032; x_wconf 88' lang='lat' dir='ltr'>Praemia</span> <span class='ocrx_word' id='word_1_170' title='bbox 398 1977 632 2042; x_wconf 85' lang='lat' dir='ltr'>laudat0,</span> <span class='ocrx_word' id='word_1_171' title='bbox 673 1979 899 2048; x_wconf 80' lang='lat' dir='ltr'>genitor,</span> <span class='ocrx_word' id='word_1_172' title='bbox 936 1982 991 2032; x_wconf 90' lang='lat' dir='ltr'>te</span> <span class='ocrx_word' id='word_1_173' title='bbox 1031 1979 1131 2031; x_wconf 89' lang='lat' dir='ltr'>rite</span> <span class='ocrx_word' id='word_1_174' title='bbox 1171 1979 1412 2049; x_wconf 87' lang='lat' dir='ltr'>ligarem.</span> 
     </span>
    </p>
   </div>
   <div class='ocr_carea' id='block_1_6' title="bbox 117 2126 469 2133">
    <p class='ocr_par' dir='ltr' id='par_1_19' title="bbox 117 2126 469 2133">
     <span class='ocr_line' id='line_1_27' title="bbox 117 2126 469 2133; baseline 0 1031"><span class='ocrx_word' id='word_1_175' title='bbox 117 2126 469 2133; x_wconf 95' lang='lat' dir='ltr'> </span> 
     </span>
    </p>
   </div>
   <div class='ocr_carea' id='block_1_7' title="bbox 116 2224 1883 2929">
    <p class='ocr_par' dir='ltr' id='par_1_20' title="bbox 116 2224 1883 2929">
     <span class='ocr_line' id='line_1_28' title="bbox 235 2224 1883 2282; baseline 0.002 -11"><span class='ocrx_word' id='word_1_176' title='bbox 235 2229 293 2271; x_wconf 85' lang='lat'>84</span> <span class='ocrx_word' id='word_1_177' title='bbox 323 2224 506 2277; x_wconf 84' lang='lat' dir='ltr'>chordis</span> <span class='ocrx_word' id='word_1_178' title='bbox 543 2225 684 2270; x_wconf 77' lang='lat' dir='ltr'>idem:</span> <span class='ocrx_word' id='word_1_179' title='bbox 722 2224 842 2269; x_wconf 84' lang='lat' dir='ltr'>curis</span> <span class='ocrx_word' id='word_1_180' title='bbox 873 2228 902 2267; x_wconf 90' lang='grc'><strong>0</strong></span> <span class='ocrx_word' id='word_1_181' title='bbox 934 2239 962 2268; x_wconf 71' lang='lat' dir='ltr'>a</span> <span class='ocrx_word' id='word_1_182' title='bbox 1005 2226 1021 2282; x_wconf 79' lang='grc' dir='ltr'>ΙΙ</span> <span class='ocrx_word' id='word_1_183' title='bbox 1066 2230 1122 2270; x_wconf 82' lang='grc'>36</span> <span class='ocrx_word' id='word_1_184' title='bbox 1154 2225 1341 2271; x_wconf 84' lang='lat' dir='ltr'>labente</span> <span class='ocrx_word' id='word_1_185' title='bbox 1374 2230 1424 2271; x_wconf 68' lang='lat'>5:</span> <span class='ocrx_word' id='word_1_186' title='bbox 1468 2227 1671 2274; x_wconf 79' lang='lat' dir='ltr'>habente</span> <span class='ocrx_word' id='word_1_187' title='bbox 1703 2230 1778 2273; x_wconf 80' lang='lat' dir='ltr'>uel</span> <span class='ocrx_word' id='word_1_188' title='bbox 1806 2230 1883 2275; x_wconf 88' lang='lat' dir='ltr'>he·</span> 
     </span>
     <span class='ocr_line' id='line_1_29' title="bbox 117 2283 1882 2343; baseline 0.002 -13"><span class='ocrx_word' id='word_1_189' title='bbox 117 2284 255 2331; x_wconf 81' lang='lat' dir='ltr'>bente</span> <span class='ocrx_word' id='word_1_190' title='bbox 292 2285 381 2338; x_wconf 76' lang='lat' dir='ltr'>(ita</span> <span class='ocrx_word' id='word_1_191' title='bbox 419 2286 463 2339; x_wconf 75' lang='lat' dir='ltr'>a)</span> <span class='ocrx_word' id='word_1_192' title='bbox 504 2287 533 2326; x_wconf 99' lang='grc'><strong>0</strong></span> <span class='ocrx_word' id='word_1_193' title='bbox 558 2286 565 2338; x_wconf 68' lang='grc'>1</span> <span class='ocrx_word' id='word_1_194' title='bbox 593 2297 677 2328; x_wconf 87' lang='lat' dir='ltr'>nec</span> <span class='ocrx_word' id='word_1_195' title='bbox 710 2283 996 2328; x_wconf 79' lang='lat' dir='ltr'>Gronouius:</span> <span class='ocrx_word' id='word_1_196' title='bbox 1035 2297 1156 2328; x_wconf 88' lang='lat' dir='ltr'>nunc</span> <span class='ocrx_word' id='word_1_197' title='bbox 1191 2289 1221 2327; x_wconf 91' lang='grc'><strong>0</strong></span> <span class='ocrx_word' id='word_1_198' title='bbox 1252 2300 1280 2328; x_wconf 72' lang='grc' dir='ltr'>ι</span> <span class='ocrx_word' id='word_1_199' title='bbox 1308 2287 1325 2343; x_wconf 75' lang='grc' dir='ltr'>ΙΙ</span> <span class='ocrx_word' id='word_1_200' title='bbox 1356 2289 1412 2330; x_wconf 85' lang='grc'>36</span> <span class='ocrx_word' id='word_1_201' title='bbox 1444 2287 1635 2331; x_wconf 85' lang='lat' dir='ltr'>accliuis</span> <span class='ocrx_word' id='word_1_202' title='bbox 1666 2291 1703 2331; x_wconf 76' lang='lat' dir='ltr'>A</span> <span class='ocrx_word' id='word_1_203' title='bbox 1735 2292 1764 2330; x_wconf 89' lang='grc'><strong>0</strong></span> <span class='ocrx_word' id='word_1_204' title='bbox 1786 2291 1803 2343; x_wconf 79' lang='grc' dir='ltr'>ΙΙ</span> <span class='ocrx_word' id='word_1_205' title='bbox 1826 2294 1882 2334; x_wconf 82' lang='grc'>38</span> 
     </span>
     <span class='ocr_line' id='line_1_30' title="bbox 119 2341 1881 2404; baseline 0.002 -15"><span class='ocrx_word' id='word_1_206' title='bbox 119 2343 365 2389; x_wconf 78' lang='lat' dir='ltr'>Stellatam</span> <span class='ocrx_word' id='word_1_207' title='bbox 393 2343 582 2399; x_wconf 76' lang='lat' dir='ltr'>scripsi:</span> <span class='ocrx_word' id='word_1_208' title='bbox 621 2341 843 2387; x_wconf 85' lang='lat' dir='ltr'>Stellatus</span> <span class='ocrx_word' id='word_1_209' title='bbox 874 2347 903 2384; x_wconf 92' lang='grc'><strong>0</strong></span> <span class='ocrx_word' id='word_1_210' title='bbox 935 2358 963 2385; x_wconf 75' lang='grc' dir='ltr'>ο,</span> <span class='ocrx_word' id='word_1_211' title='bbox 1002 2343 1186 2388; x_wconf 81' lang='lat' dir='ltr'>Solatus</span> <span class='ocrx_word' id='word_1_212' title='bbox 1216 2345 1355 2401; x_wconf 74' lang='lat' dir='ltr'>uwlqo</span> <span class='ocrx_word' id='word_1_213' title='bbox 1377 2347 1394 2401; x_wconf 71' lang='lat' dir='ltr'>fl</span> <span class='ocrx_word' id='word_1_214' title='bbox 1417 2350 1473 2390; x_wconf 85' lang='lat'>40</span> <span class='ocrx_word' id='word_1_215' title='bbox 1503 2345 1701 2391; x_wconf 82' lang='lat' dir='ltr'>infestae</span> <span class='ocrx_word' id='word_1_216' title='bbox 1734 2352 1762 2391; x_wconf 84' lang='grc' dir='ltr'><strong>ς</strong></span> <span class='ocrx_word' id='word_1_217' title='bbox 1786 2350 1803 2404; x_wconf 73' lang='lat' dir='ltr'>u</span> <span class='ocrx_word' id='word_1_218' title='bbox 1826 2353 1881 2392; x_wconf 81' lang='lat'>42</span> 
     </span>
     <span class='ocr_line' id='line_1_31' title="bbox 119 2401 1879 2461; baseline 0.002 -14"><span class='ocrx_word' id='word_1_219' title='bbox 119 2402 185 2447; x_wconf 87' lang='lat' dir='ltr'>sic</span> <span class='ocrx_word' id='word_1_220' title='bbox 215 2402 338 2447; x_wconf 75' lang='lat' dir='ltr'>edd„-</span> <span class='ocrx_word' id='word_1_221' title='bbox 369 2401 408 2446; x_wconf 91' lang='lat' dir='ltr'>si</span> <span class='ocrx_word' id='word_1_222' title='bbox 439 2405 468 2445; x_wconf 92' lang='grc'><strong>0</strong></span> <span class='ocrx_word' id='word_1_223' title='bbox 500 2416 528 2445; x_wconf 70' lang='grc' dir='ltr'><strong>ι</strong></span> <span class='ocrx_word' id='word_1_224' title='bbox 557 2401 706 2446; x_wconf 90' lang='lat' dir='ltr'>sicubi</span> <span class='ocrx_word' id='word_1_225' title='bbox 737 2401 1000 2446; x_wconf 76' lang='lat' dir='ltr'>Grououius</span> <span class='ocrx_word' id='word_1_226' title='bbox 1027 2403 1033 2456; x_wconf 95' lang='grc' dir='ltr'>Ι</span> <span class='ocrx_word' id='word_1_227' title='bbox 1061 2415 1169 2447; x_wconf 84' lang='lat' dir='ltr'>cara</span> <span class='ocrx_word' id='word_1_228' title='bbox 1199 2402 1399 2447; x_wconf 50' lang='lat' dir='ltr'>Mar-kls</span> <span class='ocrx_word' id='word_1_229' title='bbox 1429 2417 1535 2449; x_wconf 85' lang='lat' dir='ltr'>rara</span> <span class='ocrx_word' id='word_1_230' title='bbox 1566 2409 1594 2447; x_wconf 92' lang='grc'><strong>0</strong></span> <span class='ocrx_word' id='word_1_231' title='bbox 1626 2420 1654 2448; x_wconf 72' lang='lat' dir='ltr'>a</span> <span class='ocrx_word' id='word_1_232' title='bbox 1675 2408 1691 2461; x_wconf 69' lang='lat' dir='ltr'>fl</span> <span class='ocrx_word' id='word_1_233' title='bbox 1714 2411 1771 2450; x_wconf 84' lang='lat'>43</span> <span class='ocrx_word' id='word_1_234' title='bbox 1802 2406 1879 2451; x_wconf 90' lang='lat' dir='ltr'>de-</span> 
     </span>
     <span class='ocr_line' id='line_1_32' title="bbox 118 2459 1881 2518; baseline 0.002 -12"><span class='ocrx_word' id='word_1_235' title='bbox 118 2459 289 2518; x_wconf 79' lang='lat' dir='ltr'>cerpsit</span> <span class='ocrx_word' id='word_1_236' title='bbox 326 2464 356 2503; x_wconf 92' lang='grc'><strong>0</strong></span> <span class='ocrx_word' id='word_1_237' title='bbox 386 2475 435 2517; x_wconf 73' lang='lat' dir='ltr'>a,</span> <span class='ocrx_word' id='word_1_238' title='bbox 474 2461 663 2506; x_wconf 80' lang='lat' dir='ltr'>correxi.</span> <span class='ocrx_word' id='word_1_239' title='bbox 703 2459 922 2516; x_wconf 87' lang='lat' dir='ltr'>decerpat</span> <span class='ocrx_word' id='word_1_240' title='bbox 961 2464 990 2504; x_wconf 83' lang='grc' dir='ltr'>ς</span> <span class='ocrx_word' id='word_1_241' title='bbox 1023 2462 1040 2516; x_wconf 85' lang='grc' dir='ltr'>ΙΙ</span> <span class='ocrx_word' id='word_1_242' title='bbox 1069 2465 1128 2505; x_wconf 90' lang='grc'>44</span> <span class='ocrx_word' id='word_1_243' title='bbox 1166 2460 1338 2506; x_wconf 87' lang='lat' dir='ltr'>Inferni</span> <span class='ocrx_word' id='word_1_244' title='bbox 1377 2467 1406 2504; x_wconf 90' lang='grc'><strong>0</strong></span> <span class='ocrx_word' id='word_1_245' title='bbox 1444 2478 1492 2507; x_wconf 72' lang='grc' dir='ltr'>ιε</span> <span class='ocrx_word' id='word_1_246' title='bbox 1535 2464 1711 2508; x_wconf 90' lang='lat' dir='ltr'>Inserui</span> <span class='ocrx_word' id='word_1_247' title='bbox 1748 2464 1881 2510; x_wconf 88' lang='lat' dir='ltr'>Dom.</span> 
     </span>
     <span class='ocr_line' id='line_1_33' title="bbox 122 2518 1883 2579; baseline 0.002 -15"><span class='ocrx_word' id='word_1_248' title='bbox 122 2518 128 2578; x_wconf 84' lang='grc' dir='ltr'>Ι</span> <span class='ocrx_word' id='word_1_249' title='bbox 162 2519 290 2564; x_wconf 82' lang='lat' dir='ltr'>lacus</span> <span class='ocrx_word' id='word_1_250' title='bbox 320 2520 370 2564; x_wconf 88' lang='lat' dir='ltr'>et</span> <span class='ocrx_word' id='word_1_251' title='bbox 396 2519 581 2575; x_wconf 72' lang='lat' dir='ltr'>scripsi:</span> <span class='ocrx_word' id='word_1_252' title='bbox 611 2518 705 2563; x_wconf 83' lang='lat' dir='ltr'>laci</span> <span class='ocrx_word' id='word_1_253' title='bbox 734 2519 815 2564; x_wconf 88' lang='lat' dir='ltr'>sed</span> <span class='ocrx_word' id='word_1_254' title='bbox 846 2522 875 2560; x_wconf 92' lang='grc'><strong>0</strong></span> <span class='ocrx_word' id='word_1_255' title='bbox 907 2534 934 2561; x_wconf 78' lang='lat' dir='ltr'>a</span> <span class='ocrx_word' id='word_1_256' title='bbox 964 2518 1056 2564; x_wconf 93' lang='lat' dir='ltr'>loci</span> <span class='ocrx_word' id='word_1_257' title='bbox 1088 2522 1117 2564; x_wconf 79' lang='grc' dir='ltr'><strong>ς</strong></span> <span class='ocrx_word' id='word_1_258' title='bbox 1147 2519 1261 2564; x_wconf 87' lang='lat' dir='ltr'>locis</span> <span class='ocrx_word' id='word_1_259' title='bbox 1292 2521 1341 2565; x_wconf 88' lang='lat' dir='ltr'>et</span> <span class='ocrx_word' id='word_1_260' title='bbox 1355 2521 1634 2566; x_wconf 77' lang='lat' dir='ltr'>Bernartius</span> <span class='ocrx_word' id='word_1_261' title='bbox 1662 2522 1883 2579; x_wconf 78' lang='lat' dir='ltr'>(idemque</span> 
     </span>
     <span class='ocr_line' id='line_1_34' title="bbox 116 2577 1880 2635; baseline 0.001 -12"><span class='ocrx_word' id='word_1_262' title='bbox 116 2577 194 2623; x_wconf 79' lang='lat' dir='ltr'>sed</span> <span class='ocrx_word' id='word_1_263' title='bbox 222 2591 268 2623; x_wconf 75' lang='lat' dir='ltr'>u.</span> <span class='ocrx_word' id='word_1_264' title='bbox 300 2582 355 2623; x_wconf 89' lang='lat'>41</span> <span class='ocrx_word' id='word_1_265' title='bbox 387 2577 473 2623; x_wconf 83' lang='lat' dir='ltr'>His</span> <span class='ocrx_word' id='word_1_266' title='bbox 500 2578 747 2634; x_wconf 80' lang='lat' dir='ltr'>Barthius)</span> <span class='ocrx_word' id='word_1_267' title='bbox 784 2577 800 2635; x_wconf 85' lang='grc' dir='ltr'>Η</span> <span class='ocrx_word' id='word_1_268' title='bbox 830 2581 886 2621; x_wconf 84' lang='grc'>45</span> <span class='ocrx_word' id='word_1_269' title='bbox 919 2591 946 2622; x_wconf 93' lang='lat' dir='ltr'>o</span> <span class='ocrx_word' id='word_1_270' title='bbox 987 2578 1171 2622; x_wconf 74' lang='lat' dir='ltr'>addidi.-</span> <span class='ocrx_word' id='word_1_271' title='bbox 1209 2592 1292 2623; x_wconf 89' lang='lat' dir='ltr'>om.</span> <span class='ocrx_word' id='word_1_272' title='bbox 1326 2583 1355 2621; x_wconf 91' lang='grc'><strong>0</strong></span> <span class='ocrx_word' id='word_1_273' title='bbox 1386 2595 1415 2623; x_wconf 71' lang='lat' dir='ltr'>a</span> <span class='ocrx_word' id='word_1_274' title='bbox 1447 2583 1496 2624; x_wconf 87' lang='lat' dir='ltr'>et</span> <span class='ocrx_word' id='word_1_275' title='bbox 1527 2584 1555 2624; x_wconf 86' lang='grc' dir='ltr'><strong><em>ς</em></strong></span> <span class='ocrx_word' id='word_1_276' title='bbox 1588 2581 1672 2625; x_wconf 86' lang='lat' dir='ltr'>hos</span> <span class='ocrx_word' id='word_1_277' title='bbox 1706 2581 1880 2626; x_wconf 64' lang='lat' dir='ltr'>Mar-kl.</span> 
     </span>
     <span class='ocr_line' id='line_1_35' title="bbox 122 2636 1882 2695; baseline 0.002 -14"><span class='ocrx_word' id='word_1_278' title='bbox 122 2636 129 2695; x_wconf 90' lang='grc' dir='ltr'>Ι</span> <span class='ocrx_word' id='word_1_279' title='bbox 162 2649 353 2682; x_wconf 83' lang='lat' dir='ltr'>munera</span> <span class='ocrx_word' id='word_1_280' title='bbox 381 2637 521 2682; x_wconf 76' lang='lat' dir='ltr'>idem:</span> <span class='ocrx_word' id='word_1_281' title='bbox 562 2636 755 2682; x_wconf 90' lang='lat' dir='ltr'>uulnera</span> <span class='ocrx_word' id='word_1_282' title='bbox 793 2640 822 2678; x_wconf 95' lang='grc'><strong>0</strong></span> <span class='ocrx_word' id='word_1_283' title='bbox 853 2651 880 2679; x_wconf 80' lang='lat' dir='ltr'>a</span> <span class='ocrx_word' id='word_1_284' title='bbox 909 2637 926 2692; x_wconf 86' lang='grc' dir='ltr'>ΙΙ</span> <span class='ocrx_word' id='word_1_285' title='bbox 955 2640 1012 2680; x_wconf 90' lang='grc'>46</span> <span class='ocrx_word' id='word_1_286' title='bbox 1052 2638 1148 2681; x_wconf 86' lang='lat' dir='ltr'>cari</span> <span class='ocrx_word' id='word_1_287' title='bbox 1179 2636 1427 2683; x_wconf 78' lang='lat' dir='ltr'>Geuartius</span> <span class='ocrx_word' id='word_1_288' title='bbox 1460 2640 1467 2693; x_wconf 93' lang='grc' dir='ltr'>Ι</span> <span class='ocrx_word' id='word_1_289' title='bbox 1503 2652 1617 2695; x_wconf 83' lang='lat' dir='ltr'>quas</span> <span class='ocrx_word' id='word_1_290' title='bbox 1657 2643 1708 2683; x_wconf 81' lang='lat'>0:</span> <span class='ocrx_word' id='word_1_291' title='bbox 1741 2653 1882 2695; x_wconf 86' lang='lat' dir='ltr'>quam</span> 
     </span>
     <span class='ocr_line' id='line_1_36' title="bbox 117 2696 1882 2754; baseline 0.002 -15"><span class='ocrx_word' id='word_1_292' title='bbox 117 2698 156 2739; x_wconf 81' lang='grc' dir='ltr'><strong>Δ</strong></span> <span class='ocrx_word' id='word_1_293' title='bbox 195 2696 204 2752; x_wconf 87' lang='grc' dir='ltr'>Ι</span> <span class='ocrx_word' id='word_1_294' title='bbox 242 2708 448 2752; x_wconf 87' lang='lat' dir='ltr'>unquam</span> <span class='ocrx_word' id='word_1_295' title='bbox 486 2699 537 2740; x_wconf 78' lang='lat'>0:</span> <span class='ocrx_word' id='word_1_296' title='bbox 577 2709 812 2751; x_wconf 89' lang='lat' dir='ltr'>nunquam</span> <span class='ocrx_word' id='word_1_297' title='bbox 854 2699 882 2739; x_wconf 81' lang='grc' dir='ltr'><strong>ς</strong></span> <span class='ocrx_word' id='word_1_298' title='bbox 913 2709 951 2737; x_wconf 63' lang='lat' dir='ltr'>⁴a</span> <span class='ocrx_word' id='word_1_299' title='bbox 986 2696 1002 2752; x_wconf 82' lang='grc' dir='ltr'>ΙΙ</span> <span class='ocrx_word' id='word_1_300' title='bbox 1043 2700 1096 2739; x_wconf 88' lang='lat'>51</span> <span class='ocrx_word' id='word_1_301' title='bbox 1122 2699 1241 2751; x_wconf 78' lang='lat' dir='ltr'>puto</span> <span class='ocrx_word' id='word_1_302' title='bbox 1278 2711 1542 2754; x_wconf 85' lang='lat' dir='ltr'>superarem</span> <span class='ocrx_word' id='word_1_303' title='bbox 1578 2699 1595 2754; x_wconf 79' lang='lat' dir='ltr'>u</span> <span class='ocrx_word' id='word_1_304' title='bbox 1634 2702 1688 2741; x_wconf 82' lang='lat'>52</span> <span class='ocrx_word' id='word_1_305' title='bbox 1720 2698 1882 2743; x_wconf 89' lang='lat' dir='ltr'>ludum</span> 
     </span>
     <span class='ocr_line' id='line_1_37' title="bbox 121 2753 1881 2812; baseline 0.001 -14"><span class='ocrx_word' id='word_1_306' title='bbox 121 2753 293 2800; x_wconf 80' lang='lat' dir='ltr'>Markl.</span> <span class='ocrx_word' id='word_1_307' title='bbox 333 2754 350 2811; x_wconf 79' lang='grc' dir='ltr'>ΙΙ</span> <span class='ocrx_word' id='word_1_308' title='bbox 387 2758 445 2799; x_wconf 80' lang='lat'>54</span> <span class='ocrx_word' id='word_1_309' title='bbox 475 2753 566 2799; x_wconf 78' lang='lat' dir='ltr'>uda</span> <span class='ocrx_word' id='word_1_310' title='bbox 598 2758 627 2798; x_wconf 81' lang='grc' dir='ltr'><strong>ς</strong></span> <span class='ocrx_word' id='word_1_311' title='bbox 653 2769 700 2797; x_wconf 80' lang='lat' dir='ltr'>a:</span> <span class='ocrx_word' id='word_1_312' title='bbox 740 2753 865 2798; x_wconf 88' lang='lat' dir='ltr'>nuda</span> <span class='ocrx_word' id='word_1_313' title='bbox 895 2754 967 2798; x_wconf 83' lang='lat' dir='ltr'>uel</span> <span class='ocrx_word' id='word_1_314' title='bbox 997 2754 1121 2798; x_wconf 82' lang='lat' dir='ltr'>unda</span> <span class='ocrx_word' id='word_1_315' title='bbox 1143 2758 1172 2796; x_wconf 91' lang='grc'><strong>0</strong></span> <span class='ocrx_word' id='word_1_316' title='bbox 1194 2755 1211 2812; x_wconf 66' lang='lat' dir='ltr'>ss</span> <span class='ocrx_word' id='word_1_317' title='bbox 1234 2760 1290 2800; x_wconf 83' lang='lat'>55</span> <span class='ocrx_word' id='word_1_318' title='bbox 1322 2769 1488 2812; x_wconf 86' lang='lat' dir='ltr'>campo</span> <span class='ocrx_word' id='word_1_319' title='bbox 1522 2756 1719 2800; x_wconf 72' lang='lat' dir='ltr'>MarkL:</span> <span class='ocrx_word' id='word_1_320' title='bbox 1758 2756 1881 2800; x_wconf 84' lang='lat' dir='ltr'>fossa</span> 
     </span>
     <span class='ocr_line' id='line_1_38' title="bbox 119 2811 1879 2871; baseline 0.002 -15"><span class='ocrx_word' id='word_1_321' title='bbox 119 2816 148 2855; x_wconf 92' lang='grc'><strong>0</strong></span> <span class='ocrx_word' id='word_1_322' title='bbox 186 2827 216 2856; x_wconf 71' lang='lat' dir='ltr'>a</span> <span class='ocrx_word' id='word_1_323' title='bbox 252 2811 391 2870; x_wconf 81' lang='lat' dir='ltr'>gleba</span> <span class='ocrx_word' id='word_1_324' title='bbox 426 2812 752 2866; x_wconf 75' lang='lat' dir='ltr'>Burmannus;</span> <span class='ocrx_word' id='word_1_325' title='bbox 783 2813 933 2868; x_wconf 78' lang='lat' dir='ltr'>possis</span> <span class='ocrx_word' id='word_1_326' title='bbox 971 2812 1144 2857; x_wconf 85' lang='lat' dir='ltr'>harena</span> <span class='ocrx_word' id='word_1_327' title='bbox 1171 2815 1188 2870; x_wconf 77' lang='grc' dir='ltr'>ΙΙ</span> <span class='ocrx_word' id='word_1_328' title='bbox 1218 2818 1273 2858; x_wconf 82' lang='grc'>56</span> <span class='ocrx_word' id='word_1_329' title='bbox 1314 2816 1364 2858; x_wconf 83' lang='lat' dir='ltr'>et</span> <span class='ocrx_word' id='word_1_330' title='bbox 1393 2819 1422 2856; x_wconf 93' lang='grc'><strong>0</strong></span> <span class='ocrx_word' id='word_1_331' title='bbox 1454 2828 1501 2858; x_wconf 81' lang='lat' dir='ltr'>a:</span> <span class='ocrx_word' id='word_1_332' title='bbox 1541 2814 1618 2858; x_wconf 90' lang='lat' dir='ltr'>hic</span> <span class='ocrx_word' id='word_1_333' title='bbox 1648 2815 1746 2859; x_wconf 84' lang='lat' dir='ltr'>edd.</span> <span class='ocrx_word' id='word_1_334' title='bbox 1777 2818 1794 2871; x_wconf 73' lang='lat' dir='ltr'>u</span> <span class='ocrx_word' id='word_1_335' title='bbox 1823 2820 1879 2859; x_wconf 79' lang='grc'>57</span> 
     </span>
     <span class='ocr_line' id='line_1_39' title="bbox 119 2870 1415 2929; baseline 0.001 -13"><span class='ocrx_word' id='word_1_336' title='bbox 119 2874 166 2916; x_wconf 84' lang='lat' dir='ltr'>te</span> <span class='ocrx_word' id='word_1_337' title='bbox 196 2871 383 2928; x_wconf 74' lang='lat' dir='ltr'>scripsi.-</span> <span class='ocrx_word' id='word_1_338' title='bbox 411 2870 500 2916; x_wconf 87' lang='lat' dir='ltr'>tibi</span> <span class='ocrx_word' id='word_1_339' title='bbox 532 2875 561 2914; x_wconf 89' lang='grc'><strong>0</strong></span> <span class='ocrx_word' id='word_1_340' title='bbox 592 2886 621 2915; x_wconf 73' lang='lat' dir='ltr'>a</span> <span class='ocrx_word' id='word_1_341' title='bbox 646 2874 652 2927; x_wconf 75' lang='grc' dir='ltr'>Ι</span> <span class='ocrx_word' id='word_1_342' title='bbox 679 2871 874 2929; x_wconf 78' lang='lat' dir='ltr'>ligarem</span> <span class='ocrx_word' id='word_1_343' title='bbox 906 2875 935 2912; x_wconf 87' lang='grc'><strong>0</strong></span> <span class='ocrx_word' id='word_1_344' title='bbox 966 2887 1013 2915; x_wconf 75' lang='lat' dir='ltr'>a:</span> <span class='ocrx_word' id='word_1_345' title='bbox 1047 2871 1250 2917; x_wconf 88' lang='lat' dir='ltr'>dicarem</span> <span class='ocrx_word' id='word_1_346' title='bbox 1280 2873 1415 2917; x_wconf 85' lang='lat' dir='ltr'>Dom.</span> 
     </span>
    </p>
   </div>
  </div>
 </body>
</html>
