1994 3112
620 244 902 292 EDITORIS
933 243 1290 290 PRAEFATIO.
1781 255 1839 290 11

33 367 410 435 aemili-limone
437 367 499 421 in
527 366 654 420 libro
688 365 908 433 quodam
937 367 1151 432 uetusto,
1194 364 1253 417 in
1283 379 1381 431 quo
1403 367 1516 417 erat
1550 362 1604 416 οῖ’
1644 362 1701 431 (9
1715 368 1765 417 et
1783 363 1839 431 9)

76 440 197 496 liber
239 440 319 494 M.
365 439 494 494 Iuni
539 439 711 507 Hypsi
754 436 812 506 (9
843 437 1015 506 Nypsi
1045 437 1101 507 ,9)
1146 441 1195 491 et
1229 437 1431 491 contuli
1506 440 1618 490 erat
1652 438 1711 490 in
1739 454 1838 505 pa·

70 513 231 583 qiua.
293 513 504 567 ,Ζαοαηιῑ
539 514 611 567 ad
644 512 863 580 oppiasm.
913 511 1149 579 signatum
1186 510 1354 564 littera
1391 509 1472 580 (9)
1511 514 1566 563 Δ
1602 509 1840 580 mihique

0 643 1 646 ,
75 585 204 641 haec
248 586 413 640 uerba
457 586 788 640 subobscura
831 584 1106 654 reputanti
1151 583 1251 636 sub
1289 582 1481 652 Hypso
1528 584 1615 637 uel
1652 582 1839 653 Nypso

0 655 1 675 ³
74 658 168 714 illo
214 659 382 714 latere
429 659 578 713 uisus
632 660 774 711 esset
810 656 881 711 M.
918 656 1105 710 Iunius
1144 655 1348 726 Nipsus
1372 657 1736 741 gromaticus,
1782 658 1839 711 in

12 784 43 800 ,,
75 730 231 787 huius
277 731 511 802 codices,
563 731 882 800 ubicumque
927 733 1043 783 erat
1087 730 1321 799 occasi0‚
1366 729 1634 799 inquirere
1673 731 1839 800 coepi.

12 801 23 875 ζ,
75 804 211 859 fauit
250 806 464 875 incepto
494 803 748 872 Fortuna,
785 802 1212 873 deprehendique
1250 802 1465 856 tandem
1505 821 1719 856 carmen
1749 804 1840 857 diu

13 876 14 883 '
74 879 375 949 quaesitum
412 878 471 932 in
508 877 687 932 codice
726 876 1090 931 Laurentiano
1129 877 1260 945 plut.
1299 876 1389 943 29,
1429 876 1500 930 32
1532 878 1744 945 saeculi,
1782 883 1842 931 ut

46 951 230 1019 ¹nobis
267 951 493 1020 uidetur,
532 950 748 1018 decimi3
787 950 882 1003 ubi
921 953 1067 1003 extat
1103 949 1235 1002 illud
1273 953 1399 1018 post
1437 948 1670 1019 Nipsum
1711 950 1839 1003 alia-

14 1032 176 1096 sque
213 1025 327 1079 eius
366 1024 575 1096 generis
614 1023 704 1078 fol.
728 1023 824 1077 29⁸
830 1023 994 1077 —30·
1031 1021 1122 1094 (cf.
1145 1021 1458 1092 Bandinius,
1496 1023 1646 1077 codd.
1670 1022 1762 1078 lat.
1786 1023 1841 1077 11

43 1101 53 1162 ²7
73 1116 122 1169 p.
146 1096 242 1169 47)
268 1098 534 1167 scriptura
562 1099 834 1167 perpetua,
870 1097 976 1151 nisi
1008 1096 1150 1166 quod
1182 1096 1386 1166 singuli
1416 1114 1603 1150 uersus
1626 1098 1841 1166 punctis

26 1178 46 1240 j
74 1174 200 1227 sunt
243 1171 438 1225 inclusi
491 1171 818 1241 plerumque.
887 1169 1074 1224 eodem
1119 1173 1298 1223 autem
1346 1170 1484 1223 libro
1524 1171 1639 1224 sine
1675 1170 1840 1225 dubio

32 1274 46 1306 g:
72 1262 202 1300 usus
251 1248 334 1299 est
380 1243 710 1313 Politianus‚
767 1246 828 1297 ut
876 1243 1135 1298 lectiones
1186 1243 1254 1297 ab
1305 1261 1368 1297 eo
1419 1243 1541 1298 inde
1591 1247 1841 1298 enotatae

75 1318 461 1373 demonstrant.
535 1317 696 1371 huius
742 1316 942 1371 codicis
993 1335 1026 1371 a
1070 1334 1156 1370 me
1195 1317 1395 1371 conlati
1435 1317 1705 1387 scriptura
1743 1337 1840 1371 suo

73 1392 194 1446 loco
242 1390 502 1462 adposita.
543 1419 610 1432 -
651 1389 999 1444 Laurentiani
1038 1394 1217 1444 autem
1258 1391 1711 1459 contemplatione
1750 1409 1840 1445 ue-

72 1467 250 1520 tamur
276 1482 353 1518 ne
392 1482 455 1518 ex
494 1463 887 1534 antiquioribus
932 1463 1086 1517 libris
1126 1464 1354 1516 multum
1392 1464 1526 1517 lucis
1564 1464 1650 1517 his
1690 1465 1840 1518 siluis

30 1555 42 1573 ’-
73 1555 409 1593 accessurum
447 1555 734 1607 speremus.
794 1555 920 1590 nam
959 1536 1102 1606 quod
1140 1537 1207 1590 ad
1247 1555 1510 1590 summam
1548 1539 1841 1608 corruptio·

36 1614 42 1651 ‘T
71 1611 156 1666 nis
195 1611 390 1666 attinet
420 1628 492 1664 rea
529 1611 639 1664 iam
678 1611 735 1664 in
773 1610 928 1663 initio
968 1610 1129 1663 medii
1177 1611 1298 1663 aeui
1337 1613 1454 1663 erat
1492 1610 1678 1663 eadem
1710 1630 1838 1681 qua-

74 1703 196 1739 cum
242 1683 404 1738 hodie
451 1684 732 1737 luctamur.
819 1701 983 1736 unum
1030 1683 1275 1735 attulisse
1330 1683 1530 1737 sufficit
1578 1683 1841 1738 Prisciani

72 1755 727 1900 grumum
758 1755 1840 1885 1122{gsziesffissatsizzflzuizzuffffie1222

23 1902 47 1939 Ῑ’“·
70 1905 300 1959 neantur
336 1901 728 1957 Laurentianus
767 1906 822 1956 et
861 1901 1228 1972 Sangallensis
1269 1904 1504 1974 quaeris:
1553 1921 1616 1957 ex
1654 1905 1840 1959 eodem

59 1981 324 2048 utrosque
363 1976 656 2046 exemplari
692 1975 908 2029 fluxisse
945 1977 1261 2045 putauerim.

217 2049 335 2105 Iam
371 2050 647 2120 ingentem
697 2067 802 2120 qua
841 2050 1009 2103 siluae
1049 2053 1232 2118 aperte
1278 2050 1530 2104 laborant
1570 2055 1838 2121 corrupte-

55 2125 244 2179 *lasum
288 2123 688 2177 multitudinem
736 2123 860 2176 inde
899 2141 932 2177 a
970 2124 1182 2176 saeculo
1221 2123 1323 2176 XV
1363 2124 1611 2177 certatim
1649 2125 1839 2179 tollere

57 2197 363 2252 studebant
399 2196 557 2251 docti.
634 2213 861 2268 quorum
907 2200 1129 2250 conatus
1175 2198 1335 2266 longe
1374 2198 1584 2267 lateque
1624 2216 1839 2267 sparsos

11 2334 14 2342 Ι
73 2271 266 2342 (neque
297 2270 438 2324 enim
468 2268 766 2324 Burmanni
797 2270 1018 2324 alicuius
1058 2270 1339 2339 diligentia
1374 2270 1481 2323 hic
1500 2271 1645 2324 uiam
1682 2273 1839 2326 nobis

55 2344 228 2415 :quasi
248 2340 756 2414 praemuniuerat*)‚
793 2343 970 2412 primi,
1008 2344 1307 2413 quantum
1292 2362 1350 2396 ιιι
1379 2345 1538 2397 nobis
1571 2349 1699 2413 erat,
1731 2347 1837 2399 col-

14 2409 331 2497 &legimus
376 2416 518 2470 unde
565 2416 964 2470 emendationes
1013 2418 1220 2486 aliquot
1265 2417 1719 2487 coniecturaeque,
1758 2419 1837 2471 in-

108 2490 260 2544 rimis
290 2489 745 2559 MarklandianOS,
784 2490 895 2543 suis
925 2490 1142 2543 reddere
1181 2491 1487 2544 auctoribus
1526 2491 1693 2546 licuit.
1747 2493 1834 2545 sed

110 2581 173 2618 ac
227 2580 437 2634 quoque
482 2563 542 2617 in
594 2566 748 2633 parte
792 2562 926 2617 fines
971 2563 1096 2616 huic
1141 2563 1364 2618 editioni
1409 2565 1729 2634 praescripti
1775 2583 1838 2618 ex

35 2690 56 2723 ἰ

43 2725 57 2754 ἵ,

18 2762 19 2778 ³
40 2759 56 2794 x*

43 2846 59 2889 5
186 2825 231 2882 *)
254 2824 352 2871 sola
373 2821 514 2892 primi
535 2824 646 2870 libri
669 2826 875 2870 carmina
900 2829 1028 2880 1—3,
1061 2826 1113 2870 ut
1137 2827 1184 2870 et
1206 2825 1271 2869 IV
1296 2831 1337 2881 6,
1370 2828 1532 2870 notum
1557 2828 1628 2870 est
1650 2826 1838 2883 egregie

36 2883 131 2959 χαί)
160 2883 343 2929 Handio
381 2882 510 2930 edita
548 2897 645 2929 esse
687 2885 885 2930 collecto
922 2860 1233 2942 undicumque
1264 2888 1504 2942 apparatu.
1566 2898 1652 2930 nec
1683 2885 1837 2930 minus

50 2941 126 2987 de
156 2941 223 2987 111
253 2946 280 2988 ὅ
311 2942 427 2988 bene
458 2942 630 2988 meruit
659 2942 890 2989 Imhofius.
