2014 3164
738 200 1047 246 SILUARUM
1078 201 1130 247 L.
1162 200 1218 257 V,
1250 206 1291 246 2.
1787 201 1889 252 135

978 347 1046 402 ΙΙ.

382 464 619 511 LAUDES
659 462 918 509 CRISPINI
956 462 1159 509 UECTII
1200 463 1427 509 BOLANI
1469 463 1619 509 FILII.

60 632 61 636 Ἰ
125 569 272 623 Rura
310 587 459 635 meus
498 568 776 639 Tyrrhena
815 569 950 638 petit
989 568 1263 638 saltusque
1303 568 1524 639 Tagetis

127 641 426 713 Crispinus3
466 659 564 695 nec
603 643 766 713 longa
806 660 955 696 mora
993 644 1077 695 est
1114 646 1208 695 aut
1247 642 1367 694 auia
1405 641 1586 709 tellus;

127 714 220 770 Set
258 734 376 770 mea
415 718 617 770 secreto
658 716 927 768 uelluntur
964 718 1182 784 pectora
1214 733 1412 784 morsu,

125 789 350 859 Udaque
387 790 666 860 turgentes
705 788 972 857 inpellunt
1011 788 1214 841 lumina
1253 791 1452 858 guttas,

128 860 237 916 Ceu
277 879 435 932 super
472 862 682 932 Aegeas
722 861 924 915 hiemes
966 861 1214 915 abeuntis
1254 861 1409 915 amici
1865 877 1891 916 5

125 934 260 991 Uela
298 953 491 1006 sequar
529 938 869 1005 spectemque
908 938 1077 988 ratem
1117 934 1223 987 iam
1263 935 1438 988 fessus
1479 934 1546 987 ab
1587 935 1712 989 altis

125 1009 366 1079 Rupibus
407 1012 566 1079 atque
607 1008 789 1062 oculos
829 1008 991 1078 longo
1032 1026 1222 1078 querar
1261 1026 1381 1062 aere
1423 1008 1582 1062 uinci.

127 1081 301 1146 Quid?
340 1082 385 1136 si
424 1082 648 1136 militiae
687 1082 794 1135 iam
833 1083 901 1146 te,
942 1100 1074 1152 puer
1096 1082 1293 1151 inclite,
1331 1081 1535 1151 primae

125 1154 285 1210 Clara
322 1155 627 1209 rudimenta
667 1158 720 1208 et
758 1157 1056 1208 castrorum
1097 1154 1248 1208 dulce
1287 1158 1507 1209 uocaret

125 1228 453 1300 Auspicium,
493 1231 694 1299 quanto
735 1231 1016 1281 manarent
1055 1227 1250 1299 gaudia
1289 1228 1417 1281 fletu
1836 1243 1891 1283 10

126 1302 338 1366 Quosue
378 1302 561 1356 darem
603 1301 900 1371 amplexus!
941 1301 1103 1355 etiam
1136 1300 1267 1355 haec
1308 1302 1545 1371 optanda
1576 1303 1891 1374 propinquis

125 1375 361 1430 Tristia?
399 1378 453 1429 et
491 1379 713 1430 octonos
753 1374 836 1428 bis
877 1375 984 1428 iam
1023 1375 1124 1428 tibi
1156 1375 1342 1429 circuit
1378 1376 1536 1429 orbes

9 1446 12 1541 J
71 1492 73 1494 .
123 1447 267 1518 Uita,
306 1449 398 1503 sed
438 1449 681 1519 angustis
722 1449 932 1502 animus
972 1449 1246 1503 robustior
1284 1449 1439 1502 annis

124 1521 500 1593 Incumbitque
540 1522 704 1592 oneri,
743 1524 796 1575 et
833 1525 1068 1575 mentem
1109 1541 1207 1575 sua
1246 1540 1355 1575 non
1395 1523 1539 1591 capit
1579 1527 1741 1577 aetas,

123 1595 238 1650 Nec
275 1596 495 1649 mirum:
534 1613 645 1650 non
682 1598 736 1648 te
777 1595 939 1648 series
979 1595 1246 1649 inhonora
1285 1600 1567 1665 parentum
1838 1611 1889 1652 15

124 1668 422 1724 Obscurum
459 1669 676 1739 proauis
716 1671 770 1722 et
807 1669 1013 1738 priscae
1052 1669 1187 1722 lucis
1227 1672 1473 1739 egentem

125 1742 343 1798 Plebeia
381 1742 444 1796 de
485 1742 650 1812 stirpe
688 1742 835 1811 tuliis,
872 1760 982 1796 non
1022 1743 1282 1813 sanguine
1322 1747 1499 1796 cretus

123 1815 362 1870 Turmali
399 1815 692 1886 trabeaque
732 1814 902 1884 Remi,
939 1833 1038 1869 nec
1076 1833 1309 1885 paupere
1349 1816 1501 1870 clauo

124 1889 429 1961 Angustam
469 1888 647 1943 sedern
687 1891 741 1941 et
778 1887 923 1941 Latii
959 1889 1231 1958 penetrale
1272 1892 1489 1942 senatus

125 1963 351 2017 Aduena
380 1962 623 2032 pulsasti,
663 1961 756 2016 sed
794 1962 1143 2031 praecedente
1180 1966 1395 2016 tuorum
1834 1977 1890 2018 20

124 2036 372 2108 Agmine.
448 2034 692 2089 Romulei
733 2035 906 2105 qualis
945 2053 1039 2105 per
1076 2036 1261 2106 iugera
1300 2036 1440 2104 circi,

125 2107 262 2164 Cum
299 2109 520 2179 pulcher
556 2108 678 2162 uisu
715 2113 763 2162 et
798 2109 969 2162 titulis
1009 2126 1298 2180 generosus
1339 2110 1498 2163 auitis

123 2182 451 2254 Expectatur
489 2199 671 2253 equuS,
709 2182 857 2235 cuius
896 2182 959 2235 de
999 2186 1279 2236 stemmate
1318 2184 1482 2254 longo

57 2314 59 2319 .
124 2256 272 2310 Felix
311 2255 561 2310 emeritos
599 2255 764 2309 habet
801 2255 1099 2310 admissura
1135 2261 1398 2326 parenteS,

241 2473 297 2519 Π.
340 2473 546 2519 Titulum
583 2487 638 2519 ex
675 2477 713 2517 A
752 2478 781 2516 0
821 2473 990 2529 (Uectii
1028 2477 1087 2518 A:
1125 2473 1260 2520 Uecti
1298 2478 1343 2530 0)
1387 2477 1493 2521 dedi
1524 2478 1541 2533 ΙΙ
1577 2482 1599 2521 1
1633 2478 1806 2535 tagetis
1839 2483 1887 2521 e:

123 2533 284 2591 tageni
315 2537 344 2578 ς
377 2535 491 2591 ⁸113
523 2532 605 2578 Set
635 2532 922 2578 Gronouius:
945 2532 1006 2577 Et
1036 2537 1064 2575 0
1095 2547 1123 2576 a
1144 2534 1160 2590 ΙΙ
1183 2538 1210 2577 4
1242 2536 1403 2591 guttae
1437 2536 1611 2581 Markl.
1635 2538 1651 2592 Ι
1676 2542 1700 2581 7
1734 2537 1889 2582 oculos

125 2595 163 2635 A
200 2596 250 2636 0:
289 2591 434 2638 oeulis
474 2595 504 2637 ς
549 2593 565 2649 ΙΙ
610 2596 636 2637 8
677 2590 796 2646 Quid
828 2595 865 2634 A
896 2596 945 2635 c:
986 2591 1109 2648 quod
1142 2596 1170 2636 ς
1215 2594 1232 2649 fl
1281 2598 1332 2637 11
1373 2593 1514 2638 etiam
1546 2595 1662 2639 haec
1700 2597 1888 2652 scripsi.-

125 2650 270 2696 etiam
306 2663 365 2695 ne
402 2653 440 2694 A
478 2654 507 2693 0
540 2651 547 2709 Ι
580 2650 852 2708 propinquis
884 2654 936 2695 3:
974 2649 1223 2708 propinqui
1254 2656 1283 2694 0
1313 2667 1341 2695 ο,
1370 2654 1387 2709 ΙΙ
1420 2658 1473 2697 12
1507 2655 1554 2698 et
1586 2658 1638 2698 ‘32
1673 2655 1727 2698 ut
1756 2658 1785 2696 0
1817 2669 1844 2698 a
1873 2658 1887 2709 Ι,

128 2714 184 2754 14
224 2707 582 2767 Succumbitque
621 2713 650 2751 0
689 2724 735 2764 a,
777 2710 965 2756 correxi.
1006 2713 1146 2753 totum
1176 2723 1355 2756 uersum
1394 2712 1477 2756 del.
1511 2712 1740 2757 Bar-thius
1775 2715 1792 2769 ΙΙ
1832 2717 1885 2758 18

124 2767 257 2813 trabe
295 2780 351 2813 ac
388 2766 528 2813 remis
566 2768 615 2813 et
651 2771 689 2810 A
724 2768 948 2824 trabeque
988 2769 1211 2823 aeremia
1242 2771 1290 2814 et
1320 2774 1370 2826 0,
1401 2784 1514 2815 corr.
1547 2770 1738 2826 Lipsius
1774 2773 1791 2828 fl
1829 2777 1881 2816 21

124 2838 317 2872 munera
346 2826 456 2872 circi
487 2825 661 2871 Markl.
685 2827 702 2883 ΙΙ
724 2831 780 2871 22
821 2828 868 2871 et
905 2827 1147 2872 Heinsius:
1185 2840 1269 2873 om.
1309 2833 1338 2871 0
1377 2844 1404 2872 a
1432 2831 1449 2886 ΙΙ
1479 2833 1536 2872 24
1571 2829 1817 2875 demeritos
1849 2834 1886 2874 A

55 2887 60 2898 ‘
126 2888 169 2940 0,
200 2897 315 2931 corr.
346 2884 594 2931 Geuartius
