2014 3164
669 212 981 259 SILUARUM
1012 213 1063 260 L.
1095 212 1174 270 IV,
1206 219 1245 260 6.
1737 211 1838 266 113

329 331 433 386 Ean
470 334 525 385 et
560 332 812 386 frementi
849 349 954 386 uox
991 332 1189 385 habilis
1227 332 1363 402 for0,

331 404 536 460 Uenale
574 405 667 458 sed
703 423 814 459 non
854 405 1122 475 eloquium
1160 405 1284 474 tibi3
1783 417 1840 459 50

418 477 686 547 Ensisque
724 478 924 548 uagina
962 478 1204 548 quiescit,

509 550 785 621 Stringere
823 551 881 604 ni
919 551 1142 604 iubeant
1179 552 1352 605 amici.

334 696 438 751 Sed
474 715 601 751 rura
641 698 787 752 cordi
826 697 1040 767 saepius
1079 701 1135 751 et
1172 697 1338 767 quies,

330 770 487 825 Nunc
525 771 583 824 in
620 772 863 840 paternis
904 770 1117 824 sedibus
1157 774 1212 824 et
1249 771 1363 824 solo

419 842 659 913 Ueiente,
696 861 839 897 nunc
877 843 1131 898 frondosa
1170 861 1333 914 supra
1783 857 1843 898 5⁶

506 915 756 985 Hernica,
793 934 936 969 nunc
976 915 1206 970 Curibus
1244 917 1488 971 uetustis.

330 1061 435 1117 Hic
473 1063 629 1133 plura
666 1081 835 1132 pones
873 1063 1096 1117 uocibus
1136 1067 1190 1117 et
1228 1064 1400 1117 modis

331 1135 503 1189 Passu
539 1136 749 1206 solutis,
789 1137 881 1190 sed
918 1154 1123 1190 memor
1161 1137 1376 1190 interim

419 1208 607 1263 Nostri
647 1210 946 1263 uerecundo
985 1211 1245 1263 latentem

512 1280 777 1337 Barbiton
814 1283 1092 1353 ingemina
1132 1284 1230 1336 sub
1270 1286 1444 1338 antro,
1785 1296 1845 1338 60

907 1443 1002 1497 VI.

305 1556 622 1603 HERCULES
654 1558 1093 1604 EPITRAPEZIOS
1125 1558 1301 1605 NONIl
1331 1558 1614 1607 UINDICIS.

69 1646 229 1701 Foriae
266 1648 629 1702 remittenssem
666 1666 820 1702 curas
859 1648 1183 1719 Phoeboque
1223 1650 1459 1703 leuatum

69 1720 308 1790 Pectora,
345 1739 467 1775 cum
504 1721 705 1790 patulis
743 1724 971 1775 tererem
1009 1740 1186 1792 uagus
1225 1723 1337 1775 otia
1376 1723 1578 1791 saeptis

69 1792 186 1847 Iam
223 1794 485 1848 moriente
523 1794 624 1863 die,
661 1795 840 1864 rapuit
877 1814 962 1848 me
1001 1813 1133 1848 cena
1171 1795 1393 1865 benigni

55 1865 328 1922 :U1nd1c1s
367 1865 512 1921 haec
549 1868 688 1921 imos
729 1868 892 1921 animi
930 1870 1181 1938 perlapsa
1218 1886 1459 1922 recessus

50 1939 458 2010 Inconsumpta
493 1943 691 1994 manet.
747 1960 921 2012 neque
960 1943 1103 1995 enim
1142 1942 1375 1995 ludibria
1412 1943 1619 1997 uentris
1820 1958 1847 1998 5

50 2012 365 2070 „Hausimus
404 2016 499 2067 aut
535 2015 719 2083 epulas
757 2014 970 2068 diuerso
1009 2033 1038 2068 e
1077 2016 1189 2069 sole
1227 2016 1425 2084 petitas

72 2085 320 2157 Uinaque
357 2088 630 2157 perpetuis
669 2105 802 2141 aeuo
841 2089 1102 2142 certantia
1138 2089 1309 2142 fastis,

60 2162 125 2213 ‘A
161 2160 358 2214 miseri!
399 2177 533 2230 quos
570 2178 729 2215 nosse
767 2161 933 2231 iuuat,
971 2161 1100 2231 quid
1137 2162 1386 2215 Phasidis
1426 2163 1538 2215 ales

74 2232 256 2287 Distet
293 2233 361 2287 ab
398 2233 630 2287 hiberna
667 2233 955 2303 Rhodopes
995 2252 1142 2306 grue,
1181 2237 1301 2319 quis
1339 2236 1516 2306 magis
1557 2254 1716 2290 anser

50 2306 218 2361 ·Exta
254 2307 409 2372 ferat,
447 2324 542 2360 cur
579 2307 784 2361 Tuscus
823 2326 951 2377 aper
989 2309 1301 2378 generosior
1339 2308 1546 2363 Umbro
1554 2351 1568 2378 ‚
1794 2324 1849 2364 ιο

76 2379 308 2434 Lubrica
345 2398 452 2450 qua
487 2381 746 2434 recubent
782 2382 1065 2451 conchylia
1101 2382 1316 2435 mollius
1355 2383 1494 2452 alga.

75 2452 258 2509 Nobis
288 2470 448 2508 uerus
487 2472 639 2508 amor
677 2455 956 2525 medioque
994 2454 1254 2509 Helicone
1291 2456 1493 2525 petitus

28 2701 30 2732 2
194 2676 250 2717 49
282 2671 516 2729 frequenti
548 2673 722 2719 Markl.
751 2675 757 2728 Ι
784 2671 954 2717 habilis
984 2673 1125 2718 idem:
1154 2674 1318 2719 hilaris
1349 2680 1379 2717 c
1411 2691 1439 2718 a
1475 2678 1491 2731 ΙΙ
1538 2679 1593 2719 52
1626 2675 1675 2719 ni
1707 2678 1759 2719 ςε
1791 2688 1848 2719 ne

10 2734 107 2790 *jc
137 2732 290 2787 8154
319 2731 454 2776 Nunc
481 2730 532 2776 in
563 2735 593 2776 ς
626 2747 672 2776 a:
712 2731 847 2776 Nunc
878 2733 925 2776 et
954 2731 1004 2776 in
1035 2736 1063 2774 c
1097 2734 1114 2789 Ι
1151 2737 1206 2778 57
1239 2734 1373 2801 ponis
1404 2735 1538 2779 Dom.
1562 2737 1578 2790 {l
1617 2738 1673 2778 58
1703 2734 1850 2779 Passu

26 2834 28 2838 ,
52 2814 54 2820 2
80 2789 279 2834 Marlcl..⁸
307 2789 501 2834 Passum
530 2791 604 2835 uel
634 2790 812 2835 Passim
844 2794 873 2832 0
904 2790 1085 2835 Passim
1115 2806 1143 2834 a
1163 2793 1181 2848 ΙΙ
1204 2797 1260 2837 60
1291 2793 1552 2850 ingeminas
1585 2797 1613 2834 c
1645 2808 1673 2835 a

28 2907 30 2909 ¹
194 2847 274 2952 XI.
319 2847 448 2894 nouii
476 2849 547 2894 ita
575 2852 632 2894 A:
665 2850 775 2895 noui
798 2853 828 2891 0
860 2849 1002 2894 Nouii
1033 2850 1129 2896 edd.
1163 2852 1181 2908 ΙΙ
1219 2856 1245 2895 5
1276 2855 1435 2897 manet
1464 2855 1522 2894 Δ.
1555 2852 1745 2896 manent
1775 2856 1804 2894 c
1834 2852 1850 2911 Η

52 2934 56 2937 >
79 2912 106 2952 6
136 2919 162 2952 Θ
277 2919 308 2950 a
336 2910 374 2950 A
405 2911 434 2948 G

167 2988 308 3023 swa-ru
331 2987 495 3022 suatum.
1461 2987 1488 3027 8
