2014 3164
664 190 971 237 SILUARUM
1003 190 1051 235 L.
1087 189 1122 246 1,
1154 195 1196 235 4.
1742 191 1818 243 25

53 313 306 368 Gallicus.
381 312 470 367 en!
511 311 658 365 caelo
697 308 831 364 diue’
835 329 860 362 s
903 307 1221 363 Germanice
1258 309 1404 363 cordi

49 385 208 456 (Quis
245 381 489 456 neget?).
530 384 742 437 erubuit
777 386 928 437 tanto
968 383 1197 465 spoliare
1236 382 1484 438 ministro
1790 399 1817 438 5

47 458 340 530 inperium
378 456 614 511 Fortuna
650 459 816 510 tuum.
893 459 1002 509 stat
1039 457 1280 524 proxima
1318 458 1495 511 ceruix

51 530 310 587 Ponderis
349 530 597 584 immensi
636 529 1000 599 damnosaque
1037 529 1130 582 fila
1169 533 1412 589 senectae

49 604 217 663 Exuit
255 607 414 674 atque
453 603 586 658 alios
624 604 812 657 melior
849 603 1125 656 reuirescit
1161 601 1218 654 in
1257 620 1443 656 annos.

50 677 201 750 Ergo
241 678 471 747 alacres,
511 694 646 745 quae
686 677 840 746 signa
877 677 1061 730 colunt
1098 675 1331 743 urbana,
1368 677 1635 747 cohor-tea,

51 750 223 822 Inque
265 751 440 804 sinum
477 767 612 820 quae
651 767 810 818 saepe
848 752 1000 802 tuum
1039 749 1155 802 fora
1192 717 1406 802 turbida
1445 754 1636 820 questu
1765 765 1827 805 ιο

46 823 412 895 Coniugium,
449 840 601 893 reges
640 823 901 893 urbesque
939 823 1258 891 ubicumque
1297 823 1525 893 locatae,

54 897 198 962 Quae
235 900 330 952 tua
367 896 675 967 longinquis
715 897 1010 965 implorant
1047 896 1164 948 iura
1203 897 1455 965 quereliS,

99 973 275 1025 ertent
311 970 542 1039 laetitia,
581 988 679 1023 uos
718 973 902 1038 terque
942 987 1006 1022 ex
1045 969 1251 1037 ordine,
1290 970 1464 1039 colliS,

99 1044 404 1113 onfremite,
443 1046 497 1097 et
535 1043 742 1097 sileant·
767 1043 963 1112 peioris
1002 1061 1278 1095 murmura
1315 1044 1516 1097 famae!

54 1117 256 1188 Quippe
297 1119 481 1171 manet
516 1115 845 1187 longumque
884 1134 1016 1170 aeuo
1055 1116 1306 1168 redeunte
1345 1118 1606 1187 manebit,
1768 1133 1828 1171 15.

45 1190 233 1258 Quem„
260 1209 424 1260 penes
463 1190 760 1259 intrepidae
799 1190 945 1243 mitis
985 1190 1227 1243 custodia
1264 1189 1480 1244 Romae.

0 1274 16 1333 g
51 1262 169 1321 Nec
204 1266 416 1318 tantum
454 1263 730 1317 induerint
766 1263 893 1317 fatis
932 1281 1075 1317 noua
1114 1264 1328 1316 saecula
1365 1265 1565 1317 crimen

12 1337 170 1402 &Aut
204 1338 490 1391 instaurati
526 1338 828 1406 peccauerit
867 1355 960 1390 ara
997 1335 1233 1390 Tarenti.

56 1412 160 1465 Ast
197 1427 298 1482 ego
336 1428 436 1465 neo
471 1409 772 1479 Phoebum,
810 1428 1131 1479 quamquam
1172 1410 1303 1463 mihi
1343 1410 1504 1463 surda
1542 1412 1659 1465 sine
1697 1412 1794 1465 illo

14 1483 290 1554 §Plectra,
328 1502 428 1538 nec
466 1482 669 1538 Aonias
710 1483 913 1536 decima
950 1501 1070 1537 cum
1110 1483 1328 1536 Pallade
1368 1484 1521 1537 diuas
1768 1499 1830 1540 20

19 1558 170 1612 Aut
206 1557 391 1611 mitem
432 1556 641 1628 Tegeae
678 1556 933 1610 Dircesue
972 1556 1230 1610 hortabor
1270 1557 1565 1611 alumnum·

0 1610 38 1660 }
35 1630 180 1700 Ipse
218 1631 341 1684 ueni
378 1631 623 1700 uiresque
660 1648 829 1684 nouas
869 1631 1208 1714 animumque
1245 1630 1515 1699 ministra,

22 1703 165 1767 ·Qui
204 1704 435 1773 caneris3
474 1703 661 1758 doctor
697 1721 796 1756 nec
835 1704 977 1756 enim
1017 1704 1130 1756 sine
1168 1704 1388 1755 numine
1427 1708 1611 1758 tantus

16 1767 332 1843 &Ausoniae
371 1777 564 1830 decora
600 1777 780 1846 ampla
815 1779 974 1860 togae
1012 1779 1331 1846 centumque
1369 1776 1564 1832 dedisti

34 1848 321 1905 Iudicium
359 1853 699 1919 mentemque
738 1850 882 1903 uiris.
957 1850 1082 1903 licet
1120 1850 1316 1903 enthea
1353 1851 1496 1905 uatis
1772 1867 1827 1906 25

20 1922 327 2160 §Excludat
362 1923 608 1994 Pimplea
646 1924 791 1977 sitim
830 1942 927 1977 nec
965 1923 1179 1977 conscia
1216 1923 1371 1977 detur

105 2015 251 2051 irene
312 1997 494 2068 largos
533 2000 775 2067 promtus
814 1997 946 2050 mihi
986 2013 1180 2066 gurges
1218 1997 1276 2050 in
1314 1997 1562 2066 haustus,

64 2070 167 2135 Qui
204 2072 412 2142 rapitur
451 2070 516 2125 de
553 2071 703 2125 fonte
740 2074 859 2138 tuo,
899 2089 992 2124 seu
1030 2071 1193 2139 plana
1232 2071 1423 2123 solutis

65 2143 239 2207 Quom
278 2144 442 2198 struis
482 2161 607 2198 orsa
644 2143 815 2198 modis
855 2163 948 2198 seu
987 2162 1148 2214 quom
1186 2144 1286 2197 tibi
1326 2144 1494 2198 dulcis
1526 2146 1583 2198 in
1623 2151 1799 2199 artum

23 2143 355 2360 {Frangitur
391 2219 448 2272 et
482 2220 697 2271 nostras
736 2221 888 2271 curat
925 2217 1175 2271 facundia
1212 2218 1373 2287 leges,
1773 2235 1831 2274 30

37 2451 44 2470 t
182 2426 213 2467 4
250 2422 300 2468 et
336 2421 465 2467 eaelo
496 2421 627 2467 diues
664 2420 816 2467 Germ.
849 2425 877 2464 0
901 2435 942 2477 a,
979 2422 1169 2466 correaei.
1206 2434 1254 2466 es
1285 2421 1428 2477 caelo,
1472 2421 1543 2467 dis
1575 2435 1623 2466 es
1652 2423 1784 2469 Dom.
1819 2449 1832 2481 ,ς

32 2479 124 2536 ζέΙΟ
155 2482 371 2539 questum
403 2480 575 2525 Markl.
607 2480 625 2537 fl
660 2485 711 2524 11
737 2480 866 2537 leges
896 2494 939 2524 ιι.
970 2494 1014 2523 ιι.
1046 2482 1237 2537 rogatae
1269 2484 1297 2522 0
1328 2495 1356 2523 a
1386 2482 1496 2535 (nisi
1525 2482 1646 2538 quod
1675 2498 1703 2525 a.
1732 2497 1833 2527 cum

33 2518 99 2584 *ag
129 2541 179 2585 to
182 2541 355 2598 g‚atae)
387 2539 590 2592 eornm&
619 2540 695 2584 sed
724 2539 798 2593 ἴοι
801 2543 916 2582 tasse
931 2543 1140 2594 praestat
1168 2552 1389 2595 regesque
1419 2541 1435 2595 Ε
1468 2544 1522 2584 13
1554 2539 1742 2585 Certent
1772 2546 1831 2586 A:

32 2554 259 2666 §Certant
287 2603 317 2642 0
343 2600 351 2656 Ι
376 2611 460 2644 uos
490 2599 653 2655 terque
682 2598 901 2642 Nohlius:
931 2599 1176 2654 nosterque
1206 2601 1244 2640 A
1273 2612 1474 2655 noseque
1505 2600 1578 2643 uel
1606 2614 1833 2656 nosceque

40 2653 97 2705 ,“0
129 2671 212 2702 uos
244 2670 392 2725 aeque
423 2657 646 2712 Imhofius
675 2657 691 2712 ΙΙ
722 2662 778 2700 14
811 2655 1089 2700 Confremite
1121 2657 1365 2712 Imhofius:
1404 2656 1670 2702 Confremat
1700 2663 1729 2700 0
1760 2674 1787 2701 a
1820 2660 1833 2712 Π

44 2710 124 2773 {218
165 2714 355 2761 Terenti
393 2719 422 2761 ς
460 2715 477 2772 ΙΙ
513 2719 569 2760 23
610 2714 701 2769 Qui
737 2715 894 2760 Doms
933 2714 1044 2768 Quis
1082 2715 1152 2758 A*
1183 2720 1212 2757 0
1248 2719 1253 2771 Ι
1288 2716 1451 2760 doctor
1480 2718 1666 2771 scripsi·
1696 2718 1832 2762 docto

32 2767 98 2827 ὲζο
128 2789 156 2818 a
185 2774 347 2820 dextro
379 2773 551 2819 Markl.
584 2776 600 2831 ΙΙ
637 2779 693 2818 26
727 2775 887 2831 piplea
916 2777 974 2817 A.
1006 2773 1162 2830 piplea
1193 2779 1221 2816 0
1257 2778 1274 2830 ΙΙ
1310 2779 1366 2818 27
1406 2777 1615 2830 promtus
1645 2777 1833 2832 scripsi:

39 2811 224 2904 {potius
254 2837 284 2877 0
314 2847 343 2876 a
371 2835 509 2890 potus
537 2833 815 2877 Bernartius
846 2832 998 2889 potior
1027 2833 1089 2876 N.
1122 2833 1276 2877 Faber
1297 2835 1313 2889 ΙΙ
1337 2838 1392 2877 29
1425 2833 1573 2886 Quom
1605 2859 1660 2866 —
1692 2849 1833 2891 quom

40 2893 127 2954 ,A2
162 2891 250 2946 Qui
279 2892 371 2948 (uel
401 2890 654 2947 Construis)
686 2917 741 2924 —
774 2905 914 2948 quam
945 2895 974 2933 0
1009 2895 1015 2945 1
1049 2893 1196 2936 artem
1229 2896 1257 2934 0
1288 2907 1328 2947 a,
1361 2905 1474 2936 corr
1506 2893 1732 2937 Barthius
