2014 3164
148 182 152 187 ’
178 206 281 257 130
779 208 831 251 Ρ.
861 206 1088 252 PAPINH
1121 208 1319 252 sTATn

172 324 433 379 Uolueris.
494 327 668 381 Aonio
707 345 818 380 non
857 327 932 379 sic
970 327 1027 379 in
1065 328 1262 381 uertice
1303 329 1516 397 gaudet,

174 398 343 461 Quam
381 404 535 468 pater
575 400 756 454 arcani
792 400 1048 467 praefecit
1085 400 1320 453 hiatibus
1361 402 1502 453 antri

171 472 372 540 Delius,
411 477 504 526 aut
541 473 701 542 primi
739 474 823 525 cui
859 473 942 525 ius
979 473 1283 525 uenerabile
1320 474 1496 542 thyrsi
1851 491 1934 531 115

173 545 412 598 Bacchus
452 550 506 598 et
544 546 806 599 attonitae
843 545 1036 598 tribuit
1073 547 1273 599 uexilla
1312 551 1568 601 cateruae.

170 618 282 671 Nec
320 622 502 671 tamen
538 619 626 672 hic
665 622 873 672 mutata
913 619 1060 688 quies
1098 620 1408 687 probitasue
1448 622 1691 675 secundis

170 691 458 744 Intumuit:
496 695 654 746 tenor
690 693 832 745 idem
872 693 1050 745 animo
1090 710 1367 762 moresque
1405 695 1634 748 modesti

169 763 404 817 Fortuna
442 769 712 819 crescente
750 768 985 818 manent.
1045 765 1194 818 fouet
1232 766 1392 819 anxia
1429 785 1581 820 curas

171 836 427 907 Coniugis
466 838 817 908 hortaturque
857 839 1018 891 simul
1054 838 1325 909 flectitque
1363 840 1589 893 labores.
1851 857 1935 897 120

170 911 296 979 Ipsa
334 911 497 980 dapes
537 913 773 966 modicas
814 915 868 965 et
907 912 1085 965 sobria
1122 913 1317 980 pocula
1353 914 1545 982 tradit,

167 984 593 1055 Exemplumque
633 986 701 1038 ad
742 986 867 1037 erile
907 988 1111 1053 monet3
1149 987 1298 1038 uelut
1335 985 1515 1054 Apula
1554 988 1781 1040 coniunx

168 1057 453 1127 Agricolae
491 1059 639 1127 parci
678 1059 764 1111 uel
804 1059 913 1111 sole
951 1058 1152 1110 infecta
1191 1057 1408 1127 Sabina,

170 1131 316 1193 Quae
354 1132 500 1184 uidet
539 1133 746 1184 emeriti
783 1132 892 1183 iam
931 1132 1399 1199 prospectantibus
1439 1134 1597 1185 astris

168 1203 402 1272 Tempus
442 1205 626 1257 adesse
665 1205 780 1271 uiri,
819 1221 1043 1272 propere
1081 1221 1397 1274 mensasque
1435 1208 1686 1276 torosque
1852 1222 1935 1262 125

166 1276 395 1329 Instruit
433 1280 780 1347 expectatque
821 1294 1012 1330 sonum
1049 1277 1319 1331 redeuntis
1360 1280 1539 1331 aratri.

167 1349 342 1403 Parua
379 1351 582 1419 loquor.
643 1354 820 1404 tecum
860 1350 1063 1419 gelidas
1103 1368 1280 1404 comes
1318 1351 1396 1404 ire
1434 1369 1530 1420 per
1567 1357 1743 1406 arctos

171 1422 597 1493 Sarmaticasque
635 1424 835 1477 hiemes
874 1424 1223 1493 Histrumque
1262 1427 1316 1477 et
1352 1425 1554 1494 pallida
1591 1426 1767 1480 Rheni

166 1496 404 1567 Frigora,
442 1500 618 1550 tecum
659 1515 843 1550 omnes
884 1498 1064 1550 animo
1105 1497 1298 1551 durata
1335 1516 1431 1567 per
1468 1502 1646 1551 aestus

165 1569 253 1636 Et,
294 1571 338 1623 si
378 1574 554 1623 castra
592 1570 794 1639 darent,
831 1571 998 1623 uellet
1035 1574 1246 1640 gestare
1284 1571 1580 1641 pharetras,
1852 1588 1935 1627 130

168 1642 348 1696 Uellet
385 1644 683 1697 Amazonia
722 1646 863 1697 latus
902 1644 1255 1697 intercludere
1293 1645 1470 1713 pelta3

167 1716 308 1769 Dum
346 1719 400 1770 te
438 1718 750 1786 puluereum
790 1718 1054 1770 bellorum
1091 1718 1233 1770 nube
1273 1717 1480 1771 uideret

167 1789 412 1843 Caesarei
449 1809 616 1859 prope
654 1791 863 1843 fulmen
901 1791 1021 1860 equi
1061 1790 1350 1860 diuinaque
1387 1792 1500 1844 tela

167 1863 482 1916 Uibrantem
522 1867 576 1916 et
614 1881 842 1933 magnae
881 1882 1126 1932 sparsum
1166 1864 1449 1917 sudoribus
1487 1864 1691 1919 hastae.

165 1935 439 1990 Hactenus
472 1937 614 1990 alma
644 1937 844 2005 chelys,
889 1939 1100 2006 tempus
1131 1954 1271 1990 nunc
1309 1955 1505 2006 ponere
1536 1939 1771 2009 frondes,
1850 1954 1934 1994 135

166 2009 392 2078 Phoebe,
430 2013 553 2063 tuas
593 2014 901 2080 maestaque
940 2028 1148 2064 comam
1187 2009 1440 2063 damnare
1480 2029 1747 2081 cupresso,

166 2082 424 2146 Quisnam
462 2084 714 2152 inpacata
751 2084 1214 2153 consanguinitate
1251 2083 1442 2153 ligauit

163 2156 458 2210 Fortunam
496 2156 864 2226 Inuidiamque
902 2157 1069 2209 deus?
1107 2156 1225 2226 quis
1264 2157 1422 2210 iussit
1457 2158 1668 2228 iniquas

164 2228 458 2282 Aeternum
497 2230 700 2283 bellare
739 2229 902 2283 deas?
960 2229 1234 2282 nullamne
1271 2230 1485 2283 notabit

163 2302 264 2355 Illa
303 2302 536 2371 domum,
574 2306 728 2356 toruo
768 2321 929 2372 quam
966 2321 1078 2356 non
1114 2303 1246 2356 haec
1285 2303 1486 2356 lumine
1524 2305 1658 2374 figat
1848 2320 1931 2360 140

163 2376 412 2429 Protinus
453 2379 507 2428 et
546 2393 704 2429 saeua
740 2376 1022 2444 proturbet
1061 2376 1258 2446 gaudia
1296 2376 1521 2430 dextra?

283 2628 367 2668 113
399 2623 589 2668 ausonio
621 2627 651 2665 c
682 2638 710 2666 a
730 2624 747 2679 ΙΙ
772 2628 858 2667 114
890 2623 1037 2677 Quem
1069 2627 1098 2665 0
1130 2638 1171 2679 a,
1203 2637 1317 2670 corr.
1347 2623 1574 2668 Barthius
1596 2625 1612 2681 ΙΙ
1638 2628 1722 2669 115
1754 2624 1829 2669 cui
1858 2625 1929 2670 ius

161 2681 319 2727 Dom:
350 2681 479 2727 cuius
503 2686 532 2724 c
556 2697 584 2725 a
605 2682 621 2738 ΙΙ
645 2686 727 2726 117
746 2683 927 2726 mutata
950 2686 1001 2726 c.
1027 2684 1244 2727 cunctata
1267 2685 1297 2727 ς
1321 2697 1349 2725 a
1374 2684 1381 2738 1
1407 2682 1562 2727 malim
1586 2684 1884 2740 grauitasque
1914 2684 1930 2742 Η

164 2745 248 2784 122
280 2741 440 2786 monet
468 2743 529 2783 A.
558 2741 717 2785 mouet
747 2744 776 2782 c
806 2742 822 2797 ΙΙ
860 2745 942 2785 123
974 2739 1103 2796 parci
1132 2743 1192 2784 A.
1222 2740 1347 2798 parti
1369 2744 1398 2783 c·
1425 2741 1432 2797 Ι
1461 2740 1633 2786 Sabino
1664 2742 1887 2786 Heinsius
1916 2745 1928 2798 ΙΙ

164 2803 250 2843 124
281 2799 636 2855 procedentibus
665 2799 967 2844 Burmannus
996 2800 1011 2854 ΙΙ
1037 2803 1119 2844 127
1150 2799 1218 2844 ire
1248 2798 1549 2845 Schradeowus
1578 2800 1664 2844 illa
1695 2804 1723 2842 c
1755 2815 1782 2843 a
1804 2802 1819 2856 ΙΙ
1846 2793 1929 2845 129

164 2857 327 2902 durare
347 2858 519 2902 Markl.
543 2859 560 2915 ΙΙ
585 2862 667 2902 132
698 2857 920 2915 pulueiea
951 2862 979 2900 c
1004 2873 1044 2912 a,
1076 2858 1252 2902 correxi
1278 2859 1284 2912 Ι
1310 2857 1538 2902 bellorum
1568 2858 1617 2902 in
1642 2859 1762 2904 nube
1786 2860 1882 2905 edd.
1915 2859 1931 2917 ’ξ

166 2922 216 2960 13
223 2921 248 2961 9
270 2917 452 2962 notauit
475 2920 503 2959 G
528 2932 568 2972 a,
596 2930 709 2962 corr.
698 2873 958 3002 pachomius
979 2918 995 2973 ΙΙ
1020 2893 1102 2960 141
1130 2916 1373 2974 proturbet
1402 2919 1439 2958 A
1460 2920 1513 2960 c:
1546 2918 1786 2973 perturbet
1811 2920 1839 2961 ς
