2014 3164
606 737 681 804 P.
728 735 1104 804 PAPINII
1151 736 1463 804 sTATn

471 863 526 946 S
612 866 653 944 I
739 867 805 945 L
887 866 967 946 U
1052 867 1133 944 A
1217 866 1295 945 R
1379 866 1456 947 U
1542 866 1634 946 M

796 1006 1162 1061 LIBER
1220 1007 1296 1060 ΙΙ.

633 1268 884 1312 STATIUS
917 1267 1171 1312 MELIORI
1204 1266 1316 1312 SUO
1350 1267 1474 1312 SAL.

312 1387 386 1440 Et
408 1387 748 1440 familiaritas
773 1390 958 1439 nostra
981 1405 1086 1455 qua
1109 1387 1337 1455 gaudeo,
1375 1386 1586 1455 Melior,
1624 1388 1708 1439 uir
1732 1389 1934 1456 optime

165 1480 263 1514 nec
300 1462 477 1513 minus
517 1461 575 1512 in
611 1460 1147 1513 iudiciofflitterarum
1186 1478 1346 1528 quam
1385 1460 1444 1511 in
1483 1461 1627 1512 omni
1670 1462 1813 1514 uitae
1853 1481 1934 1515 co-

166 1536 278 1588 lore
316 1534 624 1602 tersissime,
663 1536 718 1586 et
746 1534 863 1602 ipsa
895 1534 1267 1601 opusculorum
1308 1551 1443 1601 quae
1480 1533 1581 1585 tibi
1618 1535 1770 1586 trado
1812 1553 1934 1588 con-

167 1609 297 1660 ditio
354 1608 428 1660 sic
474 1607 653 1675 posita
698 1610 780 1659 est
825 1610 886 1659 ut
929 1609 1075 1658 totus
1114 1605 1201 1658 hic
1238 1607 1373 1658 alter
1410 1606 1546 1658 liber
1582 1625 1732 1659 meus
1772 1609 1934 1660 etiam

168 1683 285 1734 sine
317 1682 545 1749 epistola
576 1681 642 1733 ad
672 1683 726 1732 te
758 1682 976 1748 spectet.
1028 1679 1261 1747 primum
1293 1679 1435 1731 enim
1464 1679 1630 1732 habet
1659 1679 1933 1734 Glauciam

167 1757 428 1822 nostrum,
467 1754 615 1806 cuius
648 1753 1011 1822 gratissimam
1041 1752 1342 1820 infantiam,
1381 1755 1434 1804 et
1463 1754 1674 1821 qualem
1705 1754 1935 1821 plerum-

169 1847 270 1898 que
300 1828 539 1879 infelices
582 1827 892 1894 sortiuntur,
934 1826 1072 1893 apud
1104 1828 1157 1877 te
1191 1825 1495 1893 complexus
1529 1827 1788 1879 amabam.
1827 1828 1934 1880 iam

168 1920 295 1954 uero
340 1901 442 1953 tibi
487 1900 646 1952 huius
695 1899 879 1952 amissi
932 1916 1114 1951 recens
1159 1899 1351 1950 uulnus
1399 1895 1483 1968 (ut
1521 1899 1649 1968 scis)
1698 1900 1933 1968 epicedio

168 1977 481 2043 prosecutus
515 1991 633 2026 sum
665 1973 795 2025 adeo
826 1973 1144 2024 festinanter
1174 1973 1235 2023 ut
1265 1971 1617 2023 excusandam
1654 1970 1960 2026 habuerim‘

170 2048 446 2101 affectibus
484 2047 592 2099 tuis
633 2047 974 2099 celeritatem.
1035 2063 1133 2097 nec
1170 2063 1312 2096 nunc
1351 2063 1468 2097 eam
1507 2045 1648 2113 apud
1686 2049 1738 2097 te
1777 2047 1934 2116 iact0,

171 2122 262 2190 qui
308 2121 475 2188 nosti,
523 2119 615 2172 sed
654 2122 707 2171 et
756 2120 945 2171 ceteris
990 2118 1190 2186 indico;
1236 2135 1303 2169 ne
1344 2118 1462 2187 quis
1501 2119 1767 2186 asperiore
1807 2120 1935 2172 lima

171 2212 385 2247 carmen
424 2194 692 2245 examinet
723 2195 776 2244 et
807 2211 838 2244 a
870 2192 1093 2244 confuso
1127 2191 1383 2258 scriptum
1416 2193 1470 2242 et
1500 2191 1704 2244 dolenti
1735 2193 1934 2261 datum,

171 2286 290 2320 cum
329 2284 498 2335 paene
539 2283 869 2334 superuacua
901 2266 1010 2317 sint
1045 2265 1200 2316 tarda
1231 2264 1437 2316 solatia,
1492 2264 1631 2316 Polli
1670 2266 1773 2317 mei
1805 2266 1936 2318 uilla

172 2340 505 2408 Surrentina,
553 2358 686 2408 quae
727 2339 987 2407 sequitur,
1044 2338 1227 2391 debuit
1264 2356 1296 2389 a
1333 2356 1418 2389 me
1457 2338 1544 2390 uel
1583 2338 1639 2389 in
1677 2338 1934 2391 honorem

171 2414 504 2483 eloquentiae
552 2413 664 2464 eius
715 2412 1022 2481 diligentius
1061 2411 1186 2479 dici,
1227 2410 1318 2463 sed
1357 2411 1556 2463 amicus
1594 2411 1816 2480 ignouit.
1878 2413 1934 2464 in

172 2488 414 2540 arborem
447 2488 588 2538 certe
625 2488 789 2554 tuam,
826 2485 1028 2553 Melior,
1067 2487 1121 2537 et
1157 2484 1443 2553 psittacum
1475 2483 1578 2536 scis
1613 2502 1644 2535 a
1675 2503 1759 2536 me
1789 2486 1933 2537 leues

171 2561 385 2613 libellos
412 2559 563 2629 quasi
588 2559 988 2628 epigrammatis
1013 2559 1131 2611 loco
1157 2558 1397 2625 scriptos,
1439 2557 1660 2609 eandem
1687 2559 1935 2627 exigebat

291 2749 356 2792 In
387 2749 518 2792 titulo
552 2747 642 2791 Sal.
675 2751 733 2791 A:
767 2747 965 2791 salutem
996 2747 1112 2802 0115
1131 2745 1190 2789 ad
1219 2746 1267 2790 te
1298 2746 1475 2801 spectet
1504 2747 1690 2801 scripsi:
1723 2748 1934 2802 expectet

176 2808 235 2850 A*
267 2813 295 2850 G
329 2808 595 2863 expectetur
625 2806 758 2850 Dom.
797 2806 813 2861 ΙΙ
852 2811 877 2850 6
910 2804 1176 2861 gratissima
1212 2804 1411 2848 infantia
1449 2808 1476 2845 c
1508 2819 1535 2846 a
1557 2806 1572 2860 ΙΙ
1598 2810 1621 2848 7
1655 2805 1934 2849 ammirabar

180 2867 345 2911 Markl.
376 2869 381 2922 Ι
416 2866 510 2910 iam
542 2879 651 2909 uero
682 2865 840 2909 Dom.:
885 2863 981 2907 iam
1027 2877 1119 2908 non
1165 2867 1194 2904 c
1233 2864 1296 2919 au
1329 2867 1383 2905 14
1414 2863 1586 2907 honore
1618 2868 1646 2905 c
1677 2878 1719 2917 a,
1755 2876 1867 2908 corr.
1903 2867 1932 2908 ς
1996 2903 2001 2930 ᾖ
