2014 3164
186 209 256 262 26
795 211 845 255 Ρ.
877 209 1105 253 PAPINII
1137 209 1335 254 STATII

189 329 363 392 Quare
403 347 526 399 age,
566 330 611 382 si
649 327 831 382 Cereri
869 347 965 382 sua
1003 329 1144 382 dona
1173 346 1480 397 merumque
1519 328 1699 398 Lyaeo

187 402 500 467 Reddimus,
539 406 594 455 et
632 403 778 455 diues
818 402 1045 471 praedae
1083 406 1263 454 tamen
1301 402 1495 470 accipit
1534 403 1679 455 omni

186 475 423 529 Exuuias
463 476 638 528 Diana
674 476 825 529 tholo
865 476 1183 544 captiuaque
1220 475 1330 527 tela

188 549 536 618 Bellipotens:
575 567 673 602 nec
710 551 771 600 tu
809 546 1155 620 (quamquam
1190 548 1315 615 tibi,
1353 547 1574 617 Gallice,
1614 549 1783 601 maius

188 622 504 691 Eloquium,
542 622 796 691 fandique
837 623 1028 691 opibus
1070 621 1311 673 sublimis
1352 620 1615 691 abundas)
1895 635 1950 674 35

191 695 390 765 Sperne
429 696 531 749 coli
568 697 807 748 tenuiore
846 697 977 764 lyra.
1054 712 1193 764 uaga
1232 695 1462 763 cingitur
1501 695 1659 747 astris

186 769 360 838 Luna,
400 772 453 821 et
490 770 546 821 in
586 787 843 823 oceanum
881 769 984 820 riui
1024 768 1255 821 cecidere
1295 769 1542 820 minores,

192 842 339 905 Quae
378 843 478 894 tibi
518 843 778 895 sollicitus
817 842 1076 910 persoluit
1114 842 1356 909 praemia
1394 859 1602 894 morum

189 916 352 969 Urbis
394 916 578 968 amor?
643 934 777 984 quae
814 919 932 967 tum
969 918 1288 984 patrumque
1328 915 1668 984 equitumque
1708 915 1897 967 notaui

192 989 420 1042 Lumina
459 992 512 1041 et
550 990 771 1058 ignarae
810 989 1202 1058 plebislugere
1241 991 1521 1056 potentes?
1900 1001 1957 1041 40

191 1062 315 1115 Non
352 1063 567 1115 labente
606 1062 785 1115 Numa
822 1062 1004 1114 timuit
1043 1062 1116 1114 sic
1156 1063 1302 1114 curia
1339 1061 1488 1129 felix,

191 1136 448 1205 Pompeio
488 1155 584 1189 nec
623 1136 793 1188 celsus
834 1153 992 1204 eques
1031 1153 1128 1187 nec
1166 1134 1366 1187 femina
1403 1134 1583 1188 Bruto,

193 1209 310 1262 Hoc
350 1210 502 1262 illud:
542 1210 715 1261 tristis
755 1210 982 1261 inuitum
1022 1208 1204 1260 audire
1244 1211 1480 1277 catenaS‚

194 1283 415 1335 Parcere
453 1283 757 1335 uerberibus
796 1301 892 1334 nec
932 1300 1036 1350 qua
1075 1282 1222 1333 iubet
1262 1282 1372 1333 alta
1410 1285 1649 1350 potestas

191 1356 298 1423 Ire,
339 1356 431 1408 sed
472 1359 704 1408 armatas
745 1357 972 1407 multum
1013 1355 1117 1407 sibi
1156 1354 1364 1406 demere
1402 1356 1542 1407 uires
1902 1368 1959 1408 45

196 1429 523 1499 Dignarique
563 1447 752 1482 manus
793 1428 1008 1480 humilis
1049 1431 1103 1479 et
1141 1428 1307 1480 uerba
1345 1432 1680 1497 precantum,

189 1503 431 1555 Reddere
470 1504 587 1554 iura
624 1503 741 1554 foro
780 1520 878 1554 nec
914 1501 1229 1569 proturbare
1268 1502 1476 1554 curules

194 1577 268 1628 Et
306 1577 505 1629 ferrum
543 1577 773 1628 mulcere
813 1579 955 1644 toga.
1032 1575 1108 1627 sic
1148 1575 1257 1626 itur
1293 1575 1352 1626 in
1389 1576 1497 1627 alta

194 1651 439 1718 Pectora,
479 1651 554 1702 sic
592 1650 759 1701 mixto
799 1648 1098 1700 reuerentia
1136 1648 1264 1700 sidit
1302 1666 1496 1701 amore.

195 1724 320 1791 Ipsa
359 1725 520 1775 etiam
561 1726 776 1774 cunctos
819 1722 997 1790 grauis
1036 1722 1379 1773 inclementia
1417 1722 1517 1774 fati
1905 1736 1960 1776 50

194 1797 410 1848 Terruit
450 1799 503 1848 et
543 1797 707 1848 subiti
747 1813 998 1863 praeceps
1036 1795 1268 1846 iuuenile
1305 1795 1511 1863 pericli,

190 1871 288 1924 Nil
327 1872 611 1923 cunctante
649 1870 806 1920 malo.
883 1886 994 1920 non
1032 1867 1164 1919 illud
1202 1869 1359 1936 culpa
1398 1871 1638 1921 senectae

198 1943 429 2014 (Quippe
470 1961 531 1995 ea
568 1943 651 1995 bis
694 1942 834 1994 senis
875 1941 1090 1993 uixdum
1131 1959 1253 1993 orsa
1292 1942 1538 1994 excedere
1577 1943 1800 2014 lustris),

198 2016 300 2070 Sed
339 2018 492 2069 labor
530 2016 814 2069 intendens
855 2015 1123 2083 anim-ique
1162 2015 1219 2066 in
1256 2016 1497 2068 membra
1539 2017 1767 2086 uigentis

194 2091 486 2159 Imperium
524 2090 819 2159 uigilesque
860 2107 955 2141 suo
995 2106 1092 2157 pro
1134 2085 1363 2140 Caesare
1403 2107 1583 2157 curae,
1907 2104 1961 2144 55

197 2165 365 2217 Dulce
406 2183 555 2232 opus.
630 2163 757 2215 hinc
794 2163 966 2214 fessos
1004 2162 1216 2230 penitus
1258 2163 1525 2231 subrepsit
1562 2169 1619 2215 in
1658 2167 1806 2216 artus

193 2238 462 2290 Insidiosa
502 2236 648 2306 quies
688 2238 741 2287 et
778 2237 934 2305 pigra
974 2235 1171 2287 obliuio
1210 2235 1369 2289 uitae.

198 2312 345 2363 Tunc
384 2311 532 2378 deuS,
571 2310 758 2378 Alpini
797 2310 887 2377 qui
925 2310 1072 2361 iuxta
1111 2309 1343 2361 culmina
1381 2310 1523 2363 dorsi

198 2385 391 2454 Signat
430 2383 716 2452 Apollineo
757 2385 970 2435 sanctos
1011 2383 1325 2451 cognomine
1365 2383 1537 2451 lucOS,

197 2459 439 2527 Respicit
475 2458 579 2509 heu
617 2456 759 2508 tanti
796 2455 1034 2508 residens
1074 2474 1289 2508 securus
1329 2457 1544 2509 alumni.
1910 2472 1965 2512 60

317 2681 375 2720 34
415 2689 696 2731 quamquam
735 2675 992 2718 Bentleius:
1032 2675 1216 2730 quando
1257 2679 1286 2716 ὓ·
1317 2691 1344 2717 a
1381 2677 1395 2731 ΙΙ
1433 2680 1487 2718 41
1521 2675 1700 2719 maduit
1738 2676 1804 2720 sic
1842 2677 1968 2722 curia

199 2736 314 2779 fletu
345 2735 567 2778 Heinsius
588 2735 604 2789 ΙΙ
628 2739 683 2777 49
718 2734 830 2776 sidit
861 2747 1015 2777 amore
1047 2734 1303 2778 Bentleius:
1334 2733 1435 2778 fidit
1465 2736 1612 2778 amori
1657 2739 1694 2777 A
1735 2740 1762 2777 c
1806 2750 1852 2779 se
1886 2736 1968 2780 dat

201 2808 356 2838 amore
406 2793 580 2837 Markl.
619 2795 634 2849 ΙΙ
673 2797 728 2836 50
775 2792 886 2836 Inde
934 2793 1075 2836 etiam
1115 2792 1394 2836 Schraderus
1438 2794 1453 2849 ΙΙ
1500 2799 1553 2837 57
1587 2794 1748 2850 pigrae
1782 2799 1810 2838 ς
1850 2797 1865 2851 Η
1910 2799 1964 2839 59

197 2853 469 2909 ,Apollineos
494 2853 653 2896 sancto
679 2856 706 2893 G
730 2866 769 2906 a,
795 2864 907 2895 corr.
935 2851 1108 2895 Markl.
1133 2854 1148 2908 ΙΙ
1173 2857 1227 2896 60
1251 2851 1454 2896 residens
1478 2853 1642 2908 scripsi
1673 2854 1700 2897 l.
1727 2854 1754 2897 l.
1772 2867 1822 2909 p.
1847 2858 1967 2899 253.-

201 2912 431 2968 precidem
479 2916 507 2953 c
539 2926 565 2953 a
610 2910 788 2966 pridem
822 2914 850 2954 ς
