2014 3164
22 1015 34 1071 -κς
21 945 45 1011 :555
22 911 30 927 -ι
22 895 23 904 ⁴

709 187 1019 233 SILUARUM
1049 188 1101 233 L.
1133 188 1167 244 1,
1200 193 1242 233 3.
1787 189 1857 241 21

101 306 339 377 Sedibus,
376 310 432 361 et
467 307 709 361 uolucres
747 307 920 361 uetuit
955 307 1207 360 decedere
1244 310 1413 360 natos.

100 380 144 434 O
183 381 403 452 longum
441 380 788 434 memoranda
827 380 962 434 dies!
1003 398 1136 449 quae
1175 385 1353 433 mente
1390 385 1606 449 reporto

99 452 320 524 Gaudia,
359 471 519 524 quam
559 454 730 508 lassos
768 472 864 523 per
900 456 984 507 tot
1022 454 1277 507 miracula
1314 454 1483 507 uisus!

98 526 377 597 Ingenium
415 545 576 597 quam
615 527 744 581 mite
783 528 919 580 solo!
961 545 1098 597 quae
1135 527 1313 580 forma
1350 527 1524 580 beatis
1806 539 1861 579 15

98 600 230 654 Arte
268 618 459 655 manus
497 600 735 670 facieque
773 601 927 654 locis!
969 618 1079 653 non
1118 599 1320 669 largius
1360 618 1585 669 usquam

96 673 328 728 Indulsit
365 676 562 728 natura
599 674 716 727 sibi.
792 692 1013 727 nemora
1051 674 1162 727 alta
1201 674 1379 726 citatis

97 746 390 801 Incubuere
428 747 605 817 uadis3
644 746 810 800 fallax
849 751 1133 816 responsat
1169 747 1348 815 imago

22 822 26 844 ³
97 819 415 891 Frondibus‚
454 823 508 874 et
545 821 737 891 longas
777 819 963 873 eadem
1000 820 1143 889 fugit
1180 819 1325 872 unda
1364 837 1459 889 per
1495 821 1728 873 umbras.

95 893 219 963 Ipse
258 893 439 947 Anien
477 891 746 965 (miranda
784 891 937 964 fides)
975 894 1221 963 infraque
1262 911 1525 963 superque
1804 906 1863 947 2ο

98 966 299 1022 Saxeus
337 967 426 1020 hic
463 967 724 1020 tumidam
765 967 968 1020 rabiem
1008 984 1366 1037 spumosaque
1406 966 1560 1035 ponit

97 1038 388 1111 Murmura,
425 1058 521 1094 ceu
558 1040 754 1110 placidi
792 1040 994 1093 ueritus
1032 1041 1249 1094 turbare
1291 1040 1510 1109 Uopisci

97 1113 408 1184 Pieriosque
447 1114 560 1168 dies
599 1116 654 1167 et
692 1115 896 1167 alentes
934 1114 1170 1167 carmina
1208 1132 1442 1167 somnos.

22 1197 51 1218 ²
95 1187 247 1241 Litus
285 1190 569 1258 utrumque
608 1187 768 1252 domi,
806 1205 905 1240 nec
942 1191 995 1239 te
1034 1187 1349 1240 mitissimus
1389 1188 1563 1240 amnis

35 1659 38 1668 -
32 1647 37 1653 -
21 1475 47 1641 nesea-3-
22 1410 45 1472 ’,τι
22 1346 44 1402 221·-

34 2350 40 2370 „
9 2241 46 2322 15‘..
22 1995 46 2215 ‚tw-:m
22 1749 48 2048 qvae-m*
22 1826 25 1838 ⁴·
22 1675 42 1779 ”ss-⁰

97 1260 317 1315 Diuidit.
393 1261 628 1315 alternas
667 1264 887 1314 seruant
923 1261 1194 1330 praetoria
1233 1262 1377 1330 ripas
1806 1272 1862 1315 25

97 1333 224 1389 Non
263 1337 484 1388 externa
522 1334 624 1388 sibi
661 1333 892 1388 fluuioue
931 1337 1148 1403 apstare
1188 1337 1497 1404 queruntur.

99 1407 362 1462 Sestiacos
401 1425 544 1461 nunc
582 1407 727 1461 fama
765 1408 913 1470 sinus
953 1408 1279 1477 pelagusque
1317 1411 1561 1461 natatum

97 1481 268 1536 Iactet
307 1483 361 1534 et
399 1480 588 1534 audaci
625 1482 838 1535 iunctos
878 1481 1157 1549 delphinas
1198 1481 1426 1549 ephebo!

97 1554 200 1608 Hic
240 1557 460 1608 aeterna
497 1554 660 1624 quies,
698 1554 860 1607 nullis
898 1554 986 1607 hic
1023 1555 1142 1607 iura
1179 1554 1444 1623 procellis,

97 1626 407 1699 Numquam
445 1627 626 1681 feruor
665 1628 830 1696 aquiS.
892 1627 1048 1680 datur
1084 1627 1172 1680 hic
1209 1629 1575 1681 transmittere
1614 1627 1759 1680 uisus
1807 1641 1864 1681 30

98 1701 172 1754 Et
209 1718 368 1755 uoces
408 1703 462 1754 et
498 1718 667 1770 paene
706 1718 911 1754 manus.
988 1701 1064 1753 sic
1103 1699 1357 1754 Chalcida
1395 1701 1586 1754 fluctus

97 1774 388 1844 Expellunt
423 1773 566 1843 flaui,
606 1773 683 1827 sic
722 1773 1012 1827 dissociata
1043 1774 1309 1842 profundo

98 1847 312 1901 Bruttia
351 1846 620 1901 Sicanium
659 1846 1018 1915 circumspicit
1055 1865 1150 1900 ora
1188 1846 1451 1901 Pelorum.

102 1921 239 1984 Quid
277 1921 511 1991 primum
549 1920 850 1973 mediumue
889 1937 1091 1990 canam,
1130 1938 1236 1990 quo
1275 1922 1380 1974 fine
1418 1921 1724 1990 quiescam?

99 1995 405 2048 Auratasne
441 1994 623 2048 trabes
664 2012 733 2048 an
771 1993 990 2047 Mauros
1029 1994 1261 2064 undique
1301 1995 1471 2063 postis
1806 2009 1863 2049 35

101 2070 189 2121 An
227 2068 495 2138 picturata
532 2067 769 2120 lucentia
807 2085 1072 2120 marmora
1108 2085 1248 2120 uena

221 2305 273 2345 12
313 2299 546 2346 discedere
584 2303 623 2344 Δ
664 2305 713 2357 0,
757 2302 932 2346 correxi
953 2303 969 2358 ΙΙ
995 2307 1048 2346 16
1087 2300 1296 2357 facieque
1334 2302 1500 2357 scripsi
1537 2302 1565 2345 1.
1598 2301 1627 2346 1.
1661 2316 1711 2358 p.
1744 2306 1864 2348 253.-

10 2387 44 2421 ⁴
100 2360 338 2417 artemque
377 2363 406 2402 0
444 2374 472 2403 a
511 2372 728 2404 concessa
767 2360 799 2403 ς
835 2360 851 2416 ΙΙ
890 2364 944 2404 19
983 2360 1107 2404 unda
1143 2374 1225 2427 per
1261 2361 1448 2404 umbras
1489 2365 1540 2404 ςε
1580 2361 1744 2405 umbra
1782 2375 1866 2418 per

34 2435 39 2466 s
100 2418 248 2464 undas
279 2422 308 2461 0
338 2432 366 2462 a
386 2418 404 2475 u
426 2422 483 2463 20
513 2418 618 2474 Ipse
649 2418 805 2463 Dom:
835 2419 942 2474 Ipsa
973 2423 1002 2461 0
1033 2434 1062 2462 a
1086 2420 1094 2475 1
1121 2419 1254 2464 anien
1284 2418 1376 2463 Δ*.
1409 2422 1566 2463 autem
1597 2424 1626 2462 0
1648 2421 1665 2476 n
1688 2425 1740 2463 21
1776 2421 1864 2465 Uix

36 2485 41 2493 ”
101 2492 207 2522 suus
231 2476 433 2530 Markh
455 2477 607 2533 possis
630 2476 747 2521 Tam
769 2477 891 2521 ferus
913 2478 928 2534 ΙΙ
952 2482 1006 2522 23
1031 2478 1209 2523 alentes
1233 2478 1475 2522 Heinsius:
1499 2477 1723 2523 habentes
1747 2483 1776 2521 0
1800 2494 1828 2521 a
1850 2483 1865 2536 j!

10 2567 11 2596 ⁴
100 2541 158 2580 24
188 2539 440 2592 corruptus
472 2536 523 2580 L.
554 2534 800 2592 utrimque,
830 2535 1013 2581 domus.
1052 2550 1137 2581 nec
1176 2550 1224 2581 se
1255 2552 1314 2580 m.
1347 2551 1387 2581 a.
1421 2537 1634 2593 Lipsius;
1672 2542 1714 2581 et
1752 2542 1866 2582 certe

10 2609 11 2650 ⁴
41 2648 46 2651 ⁴
101 2595 264 2640 domus
300 2595 600 2639 necessarium
643 2599 732 2648 est;
775 2595 968 2649 fortasse
1005 2595 1055 2639 L.
1095 2611 1139 2639 u,
1180 2596 1344 2640 domus
1382 2599 1513 2640 tenet
1550 2599 1599 2640 et
1628 2596 1727 2640 mit.
1767 2610 1809 2640 a.
1852 2596 1861 2655 Ι

101 2651 250 2698 amnis
290 2656 341 2698 ςε
383 2665 530 2698 annus
569 2657 598 2695 0
629 2653 760 2697 annis
791 2657 842 2708 Δ,
874 2658 926 2697 ut
955 2654 1050 2698 uid.
1083 2654 1096 2711 ΙΙ
1128 2659 1184 2699 26
1215 2654 1417 2699 fluuioue
1455 2658 1640 2711 apstare
1676 2656 1864 2711 scripsi.-

10 2743 11 2770 3
101 2711 344 2756 fluuiorum
373 2713 533 2768 optare
564 2716 593 2754 0
617 2726 657 2766 a,
687 2711 937 2757 fluuiumue
968 2712 1152 2757 obstare
1182 2713 1314 2759 Dom.
1338 2715 1355 2770 ΙΙ
1379 2717 1433 2757 28
1464 2715 1616 2757 uictos
1646 2717 1684 2755 Δ
1714 2713 1863 2759 uictos

10 2774 11 2795 ³
101 2774 130 2812 0
152 2772 168 2827 ΙΙ
190 2775 245 2815 32
262 2769 514 2827 Expellunt
532 2771 618 2814 uix
628 2784 816 2822 sareu-nu
839 2770 1119 2827 Dispescunt
1134 2772 1357 2816 Heinsius
1372 2771 1613 2816 Diuellunt
1636 2771 1828 2816 Guietus
1853 2785 1860 2830 ι

10 2851 11 2897 j
43 2917 46 2919 μ
99 2828 220 2932 ἓξὲξ
238 2829 425 2932 sgrsspgt:
439 2827 602 2932 Ιξὲιὲἱις
622 2834 650 2871 0
681 2844 709 2872 a
738 2829 870 2873 reflui
913 2830 1281 2888 Lindenbroyius
1324 2830 1477 2888 refugi
1523 2830 1720 2876 Graccus
1751 2832 1769 2888 u
1805 2836 1863 2876 36
