2014 3164
562 823 635 891 P.
673 822 1041 891 PAPINII
1078 822 1386 891 STATII

386 935 1583 1036 SILUARUM

762 1096 1193 1152 LIBERV.

507 1359 758 1406 STATIUS
789 1359 1151 1406 ABASCANTO
1184 1359 1297 1406 SUO
1331 1361 1456 1406 SAL.

241 1462 504 1520 Omnibus
542 1463 821 1519 affectibus
866 1465 1238 1536 prosequenda
1268 1468 1397 1519 sunt
1434 1466 1577 1519 bona
1609 1466 1865 1537 exempla,
1904 1485 1931 1523 5

93 1555 215 1592 cum
252 1538 462 1608 publice
499 1538 723 1608 prosint.
794 1539 965 1610 pietas
974 1581 988 1608 ,
1034 1557 1194 1610 quam
1233 1538 1505 1593 Priscillae
1550 1542 1674 1592 tuae
1713 1558 1863 1608 prae-

60 1614 223 1681 sta&
278 1614 340 1665 ut
391 1628 600 1666 morum
653 1614 870 1666 tuorum
924 1630 1051 1681 pars
1103 1613 1239 1666 nulli
1290 1631 1401 1666 non
1454 1612 1740 1667 conciliare
1793 1616 1864 1680 te,

93 1685 377 1755 praecipue
437 1686 633 1739 marito
643 1726 658 1754 ,
716 1688 910 1754 potest.
985 1703 1204 1739 uxorem
1252 1686 1394 1739 enim
1447 1686 1630 1738 uiuam
1684 1704 1864 1740 amare

93 1758 345 1829 uoluptas
391 1761 495 1828 est,
540 1758 845 1812 defunctam
891 1759 1098 1829 religio.
1180 1776 1281 1829 ego
1325 1762 1509 1812 tamen
1554 1758 1677 1812 huic
1715 1760 1865 1828 operi

93 1849 206 1886 non
235 1834 298 1885 ut
334 1849 474 1886 unus
505 1848 534 1884 e
563 1832 724 1885 turba
760 1849 858 1885 nec
896 1834 1109 1885 tantum
1149 1833 1303 1902 quasi
1344 1832 1615 1885 officiosus
1656 1832 1864 1886 adsilui.
1899 1851 1953 1890 10

48 1939 50 1941 >
94 1905 297 1958 amauit
326 1903 467 1959 enim
497 1923 716 1960 uxorem
747 1923 923 1958 meam
954 1905 1200 1959 Priscilla
1230 1908 1285 1958 et
1315 1904 1545 1959 amando
1576 1905 1704 1958 fecit
1733 1906 1864 1959 mihi

48 1972 52 1974 ἡ
93 1978 244 2033 illam
292 1978 677 2048 probatiorem3
729 1981 951 2048 propter
992 1978 1095 2032 hoc
1138 1979 1383 2049 ingratus
1431 1997 1573 2046 sum,
1620 1979 1667 2032 si
1710 1978 1863 2033 lacri-

50 2066 51 2070 ’
93 2070 210 2106 mas
254 2054 376 2106 tuas
421 2055 653 2106 transeo,
721 2055 996 2121 praeterea
1045 2053 1186 2105 latus
1226 2069 1383 2106 omne
1422 2051 1633 2104 diuinae
1672 2051 1863 2106 domus

47 2155 49 2158 ·
94 2143 304 2196 semper
341 2125 601 2179 demereri
636 2143 734 2194 pro
774 2143 893 2178 mea
929 2125 1294 2179 mediocritate
1326 2125 1552 2178 conitor.
1613 2143 1740 2178 nam
1772 2126 1863 2195 qui

94 2200 238 2253 bona
283 2199 385 2253 fide
434 2198 562 2253 deos
610 2199 761 2267 colit,
808 2202 954 2251 amat
1002 2202 1056 2252 et
1094 2199 1408 2252 sacerdotes.
1479 2197 1572 2251 sed
1612 2200 1860 2268 quamuis
1899 2217 1952 2256 15

93 2272 397 2342 propiorem
414 2290 570 2326 usum
587 2271 852 2325 amicitiae
875 2274 1000 2325 tuae
1022 2273 1338 2342 iampridem
1363 2289 1626 2341 cuperem,
1649 2273 1863 2326 mallem

40 2352 44 2410 ζ
93 2350 275 2400 tamen
310 2344 550 2400 nondum
587 2346 857 2399 inuenisse
896 2346 1191 2399 materiam.

216 2592 422 2638 Titulum
443 2591 754 2650 praefationis
791 2606 847 2636 ex
876 2596 914 2634 A
946 2596 974 2634 c
1013 2592 1120 2637 dedi
1152 2594 1159 2647 Ι
1197 2592 1281 2638 sal.
1313 2596 1372 2636 A:
1413 2593 1613 2637 salutem
1645 2597 1675 2635 c
1704 2595 1721 2650 Ι
1753 2598 1777 2637 '¹1
1809 2595 1863 2637 ut

92 2652 279 2709 scripsi:
309 2653 359 2697 et
388 2655 418 2694 0
448 2666 477 2696 a
502 2653 509 2708 Ι
536 2653 585 2696 et
613 2650 733 2695 nulli
763 2654 806 2707 (Ξ,
839 2652 887 2695 et
916 2651 1029 2695 delet
1058 2653 1096 2694 A
1117 2651 1134 2707 11
1159 2655 1213 2695 10
1244 2652 1419 2696 otiosus
1451 2656 1481 2696 ς
1512 2653 1528 2707 ΙΙ
1569 2657 1621 2695 11
1654 2651 1862 2708 priscilla.

95 2715 125 2756 ς
156 2725 204 2756 a:
233 2709 488 2768 priscillam
511 2714 540 2752 0
563 2710 580 2767 ΙΙ
605 2715 657 2754 12
682 2711 872 2767 propter
891 2710 1080 2765 scripsi:
1108 2712 1218 2767 post
1246 2714 1275 2752 c
1299 2725 1327 2753 a
1348 2712 1364 2767 ΙΙ
1391 2715 1443 2755 16
1467 2725 1602 2754 usum
1627 2714 1678 2753 ςε
1709 2709 1863 2754 uisum

93 2773 132 2813 A
162 2773 191 2812 0
223 2782 392 2815 nexum
429 2769 527 2816 edd.
567 2770 583 2825 ΙΙ
623 2773 676 2813 17
709 2767 941 2813 inuenisse
972 2768 1035 2811 A*
1054 2772 1115 2819 ,σε
1146 2769 1449 2814 interuenisse
1482 2773 1511 2812 ς
1549 2771 1565 2825 ΙΙ
1601 2769 1863 2824 imperfecta

35 2855 39 2863 ι·
93 2829 200 2874 haec
229 2829 465 2885 praefatio
495 2842 527 2874 a
556 2827 706 2872 Sta-tio
736 2828 852 2884 ipso,
890 2831 942 2871 ut
972 2827 1170 2883 uidetur,
1201 2829 1373 2885 relicta,
1404 2828 1572 2884 quippe
1594 2831 1701 2883 post
1731 2828 1863 2872 cuius

3 2885 18 2915 θ
92 2890 275 2932 mortem
303 2888 491 2944 quintus
519 2887 593 2932 hic
623 2887 735 2931 liber
764 2887 825 2930 sit
855 2887 1014 2931 editus.
