2014 3164
174 159 245 211 50
788 157 839 201 P.
870 157 1098 202 PAPINII
1129 157 1330 203 STATII

172 276 455 330 Deseruire
492 277 649 330 bonis
689 294 1000 345 semperque
1041 280 1225 346 optare
1263 278 1462 346 parati,
1848 294 1932 333 130

175 349 489 419 Spargimur
526 350 583 401 in
622 367 799 402 casus:
846 350 988 402 celsa
1023 352 1086 402 tu
1124 350 1319 402 mentis
1357 350 1424 401 ab
1463 368 1582 403 arce

172 423 416 491 Despicis
458 425 694 474 errantes
731 422 1071 491 humanaque
1110 422 1305 492 gaudia
1340 422 1496 475 rides.

173 495 406 563 Tempus
446 499 576 562 erat,
612 512 732 547 cum
769 498 823 548 te
863 496 1104 564 geminae
1145 494 1399 563 suffragia
1435 498 1609 548 terrae

173 568 485 636 Diriperent
522 568 798 636 celsusque
840 568 971 620 duas
1010 567 1264 620 ueherere
1301 585 1399 635 per
1435 568 1610 638 urbes,

171 640 302 692 Inde
341 640 650 692 Dicarcheis
689 641 916 693 multum
954 641 1255 692 uenerande
1292 640 1509 708 colonis,
1850 657 1932 696 135

174 713 316 766 Hinc
356 714 555 765 adscite
595 714 744 781 111010,
782 714 1089 782 pariterque
1126 713 1212 765 his
1250 713 1432 782 largus
1472 717 1527 766 et
1562 714 1668 767 illis

172 787 252 838 Ac
289 786 521 838 iuuenile
561 787 739 839 calens
777 786 1073 854 plectrique
1112 804 1288 838 errore
1329 787 1602 854 superbus.

171 860 247 911 At
283 877 426 911 nunc
465 859 704 911 discussa
742 877 920 911 rerum
960 859 1187 928 caligine
1224 876 1412 911 uerum

170 932 386 1000 Aspicis
426 931 543 1000 (illo
584 932 675 985 alii
713 950 897 984 rursus
935 932 1200 994 iactentur
1236 932 1294 984 in
1331 933 1440 985 alto
1454 930 1507 1001 2),

171 1004 245 1056 Et
282 1008 377 1057 tua
416 1023 629 1057 securos
667 1009 856 1072 portus
895 1004 1265 1072 placidamque
1304 1005 1538 1073 quietem
1850 1022 1934 1062 140

170 1077 403 1130 Intrauit
438 1096 548 1130 non
588 1096 782 1146 quassa
822 1078 969 1130 ratis,
1046 1077 1120 1130 sic
1159 1094 1322 1146 perge
1358 1096 1457 1130 nec
1494 1097 1749 1148 umquam

172 1151 470 1203 Emeritam
508 1151 565 1202 in
602 1154 815 1203 nostras
862 1168 1095 1219 puppem
1134 1149 1355 1202 demitte
1392 1152 1668 1219 procellas.

170 1223 353 1276 Uiuite
392 1223 577 1291 securi,
616 1242 841 1292 quorum
880 1223 943 1275 de
982 1225 1198 1290 pectore
1236 1223 1435 1275 mixtae

170 1296 235 1348 In
274 1297 496 1365 longum
537 1296 707 1348 coiere
745 1296 888 1348 faces
929 1300 1251 1363 sanctusque
1287 1297 1511 1364 pudicae

174 1368 365 1421 Seruat
404 1369 667 1421 amicitiae
708 1369 854 1437 leges
894 1386 1058 1420 amor.
1133 1368 1207 1421 ite
1245 1386 1342 1437 per
1379 1388 1550 1422 annos
1849 1385 1932 1425 145

173 1441 499 1510 Saeculaque
540 1446 593 1493 et
630 1442 836 1510 priscae
875 1441 1064 1494 titulos
1103 1441 1404 1510 praecedite
1441 1442 1632 1496 famae.

171 1514 371 1584 Tuque,
407 1533 573 1568 nurus
611 1515 752 1566 inter
789 1515 950 1583 longe
1027 1554 1657 1570 ........

172 1628 889 1641 .........
965 1587 1277 1655 praecordia
1315 1605 1485 1656 curae,

169 1659 296 1713 Non
331 1661 567 1713 frontem
607 1678 817 1713 secuere
857 1661 1051 1728 minae,
1090 1660 1182 1712 sed
1221 1660 1445 1713 candida
1483 1679 1692 1730 semper

172 1733 380 1786 Gaudia
418 1737 471 1785 et
507 1734 565 1784 in
602 1734 756 1785 uultu
795 1751 1041 1785 curarum
1079 1733 1269 1802 ignara
1306 1734 1579 1802 uoluptas;

169 1807 295 1860 Non
332 1806 433 1858 tibi
473 1807 734 1874 sepositas
772 1806 959 1857 infelix
998 1804 1463 1874 strangulat'arca
1849 1822 1933 1863 150

169 1878 403 1931 Diuitias
444 1879 652 1931 auidiue
691 1879 928 1930 animum
967 1878 1245 1946 dispendia
1280 1881 1534 1948 torquent
1727 1889 1730 1891 ’

170 1952 417 2005 Fenoris:
457 1951 686 2020 expositi
725 1969 913 2004 census
953 1954 1006 2003 et
1043 1951 1202 2003 docta
1236 1951 1448 2004 fruendi

172 2025 493 2093 Temperies.
569 2042 680 2076 non
718 2025 827 2076 ulla
864 2024 963 2076 deo
1002 2024 1219 2076 meliore
1258 2024 1544 2078 cohaerent

170 2097 411 2166 Pectora,
449 2115 561 2150 non
601 2096 735 2149 alias
774 2097 951 2149 decuit
989 2097 1271 2150 concordia
1307 2101 1528 2151 mentes.

289 2348 371 2388 135
404 2348 521 2400 puto
552 2346 767 2387 uenerate
797 2345 813 2399 ΙΙ
838 2348 921 2388 137
953 2344 1223 2400 patriaeque
1255 2357 1406 2388 errore
1438 2344 1716 2401 Maduiqius
1739 2345 1930 2402 ›plectri-

170 2415 260 2458 que
291 2403 454 2447 decore
489 2402 661 2445 Markl.
693 2404 708 2457 ΙΙ
742 2407 823 2446 139
855 2402 1087 2446 iactantur
1122 2406 1150 2443 0
1181 2417 1221 2456 a,
1257 2415 1370 2446 corr.
1401 2402 1628 2446 Barthius
1665 2405 1680 2458 ΙΙ
1721 2408 1804 2446 140
1834 2405 1930 2459 pla-

170 2461 354 2516 cidamq
356 2474 413 2504 110
451 2464 488 2502 A
526 2465 575 2502 0.
611 2461 921 2516 blandamque
956 2461 987 2503 ς
1024 2462 1040 2517 ΙΙ
1079 2465 1162 2504 142
1203 2437 1396 2504 demitte
1427 2465 1486 2504 A.
1525 2461 1708 2505 dimitte
1739 2466 1768 2503 0
1798 2463 1814 2518 ΙΙ
1847 2467 1929 2505 143

168 2476 354 2564 Uiuiteq
358 2522 410 2563 5¹:
451 2518 628 2563 Discite
660 2523 688 2560 0
720 2534 747 2561 a
783 2518 849 2562 De
853 2518 950 2575 gite
988 2519 1044 2562 L.
1079 2519 1312 2563 Polsterus
1332 2521 1349 2575 ΙΙ
1379 2523 1462 2563 147
1495 2519 1633 2576 longe
1662 2521 1932 2587 praecordia

170 2591 303 2622 011100
336 2582 364 2619 0
389 2592 437 2632 a3
470 2577 596 2621 cuius
620 2577 894 2632 praecordia
917 2590 1053 2621 curae
1083 2577 1216 2621 Dom.
1255 2577 1394 2633 longe
1432 2577 1762 2633 pulcherrima,
1803 2578 1930 2623 cuius

168 2636 430 2689 Amantia&
476 2637 687 2679 lacunam
731 2637 875 2679 statui
919 2637 935 2692 ΙΙ
988 2639 1072 2679 148
1122 2649 1305 2680 secuere
1350 2637 1450 2687 (uel
1494 2636 1693 2693 laesere)
1745 2638 1931 2692 scripsi:

167 2708 353 2739 uescere
378 2698 406 2736 0
423 2709 451 2737 a.
480 2695 660 2739 uertere
691 2694 821 2738 Dom.
854 2696 1034 2739 traxere
1065 2694 1286 2738 Heinsius
1308 2695 1323 2751 ΙΙ
1350 2698 1429 2737 151
1464 2694 1647 2738 auidiue
1678 2695 1926 2748 Barthius;

169 2754 324 2798 malim
356 2752 612 2809 auidaeque
635 2755 650 2810 ΙΙ
675 2756 760 2796 154
792 2753 948 2797 docuit
979 2757 1007 2795 0
1039 2768 1080 2810 a,
1111 2766 1224 2797 corr.
1259 2756 1308 2806 ‘33
1343 2767 1406 2796 an
1437 2753 1581 2797 coluit
1612 2752 1745 2798 Conc.
1778 2752 1804 2797 ἓ
