2014 3164
668 190 979 238 summm
1010 191 1061 236 L.
1092 191 1152 248 11,
1183 195 1224 237 τ.
1756 189 1827 242 63

324 311 402 367 Et
502 314 652 366 atum
688 311 1047 382 popularitate
1084 310 1358 380 Magnum.

325 385 408 439 Tu
491 384 710 438 elusiaci
749 383 922 437 scelus
962 381 1172 451 Canopi
1771 395 1828 434 ’το

325 456 562 511 Defiebis
599 458 720 527 pius
760 460 815 510 et
851 456 1027 510 Pharo
1066 460 1288 509 cruenta

325 530 583 601 Pompeio
624 530 775 584 dabis
815 530 976 583 altius
1017 529 1333 598 sepulcrum.

325 603 474 658 Haec
511 603 685 673 primo
723 603 932 656 iuuenis
971 619 1130 655 canes
1172 602 1272 655 sub
1311 620 1459 671 aeu0,

325 678 469 731 Ante
509 694 676 730 annos
715 676 898 730 culicis
936 674 1255 728 Maroniani.

327 749 493 805 Cedet
530 749 688 803 Musa
725 748 871 803 rudis
910 748 1104 802 ferocis
1143 747 1290 801 Enni
1772 760 1828 800 ’15

324 822 401 877 Et
437 822 582 877 docti
617 822 768 876 furor
805 821 1001 875 arduus
1040 820 1270 888 Lucreti,
1409 818 1419 827 ’

325 895 401 950 Et
439 895 530 967 qui
568 912 664 965 per
701 894 840 947 freta
877 894 1030 947 duxit
1066 893 1428 963 Argonautas,

325 969 402 1024 Et
438 969 530 1039 qui
568 986 793 1038 corpora
829 968 1004 1037 prima
1040 967 1402 1036 transfigurat.

327 1042 471 1106 Quin
508 1041 682 1095 maius
713 1041 923 1111 loquar:
963 1041 1082 1109 ipsa
1118 1043 1172 1093 te
1211 1039 1423 1094 Latinis

326 1115 524 1169 Aeneis
562 1114 906 1168 uenerabitur
943 1116 1238 1167 canentem.
1772 1126 1828 1166 80

323 1187 440 1243 Nec
478 1188 655 1242 solum
694 1188 830 1240 dabo
871 1187 1166 1240 carminum
1203 1186 1449 1255 nitorem,

329 1259 432 1316 Sed
468 1261 641 1315 taedis
681 1260 983 1331 genialibus
1022 1260 1211 1313 dicabo

326 1334 559 1389 Doctam
598 1336 758 1404 atque
797 1333 1013 1403 ingenio
1052 1337 1147 1386 tuo
1185 1333 1433 1386 decoram

325 1407 537 1478 Forma,
575 1407 934 1477 simplicitate,
972 1406 1241 1475 comitate,

327 1479 528 1549 Censu‚
568 1481 844 1551 sanguine,
883 1480 1074 1550 gratia,
1113 1479 1310 1547 lepore,
1772 1491 1829 1532 85
1900 1543 1903 1546 Ι

327 1553 550 1617 Qualem
588 1553 788 1607 blanda
823 1551 1007 1606 Uenus
1046 1553 1301 1622 daretque
1338 1542 1498 1620 Iuno}

325 1627 401 1682 Et
438 1630 646 1680 uestros
685 1626 1023 1696 hymenaeon
1061 1628 1187 1679 ante
1226 1628 1409 1694 postes

327 1699 503 1754 Festis
542 1699 789 1754 cantibus
826 1700 946 1768 ipsa
982 1699 1300 1767 personabO.

230 1819 242 1831 .
328 1772 374 1827 Ο
413 1790 605 1827 saeuae
642 1773 868 1825 nimium
908 1771 1206 1841 grauesque
1244 1771 1467 1823 Parcae!

238 1880 245 1894 „
328 1845 372 1899 Ο
410 1864 704 1916 numquam
742 1845 870 1898 data
906 1845 1071 1914 longa
1108 1845 1225 1897 fata
1264 1844 1510 1897 summis!
1773 1859 1829 1897 90

329 1918 440 1974 Cur
475 1920 612 1989 pluS‚
649 1918 831 1987 ardua,
868 1918 1081 1971 casibus
1119 1916 1355 1987 patetis?

331 1991 439 2047 Cur
478 2009 642 2046 saeua
678 1992 795 2045 uice
833 2008 1033 2062 magna
1069 2009 1180 2044 non
1219 1990 1542 2044 senescunt?

329 2064 416 2120 Sic
452 2068 640 2119 natum
677 2064 998 2119 Nasamonii
1036 2063 1298 2116 Tonantis

326 2139 461 2192 Post
498 2141 647 2192 ortus
686 2138 969 2207 obitusque
1007 2136 1321 2190 fulminatos

301 2214 577 2282 'Angusto
615 2210 867 2280 Babylon
904 2210 1103 2279 premit
1140 2211 1400 2279 sepulcro.
1771 2223 1827 2262 95

332 2284 420 2339 Sic
457 2285 623 2338 fixum
659 2283 870 2337 Paridis
908 2301 1072 2336 manu
1108 2284 1387 2336 trementis

127 2061 151 2071 Q

183 2478 239 2519 69
269 2486 462 2540 granum
493 2477 526 2516 L
549 2475 565 2529 ΙΙ
589 2477 644 2518 ’13
676 2473 971 2529 sepulchrum
1001 2474 1210 2528 (itemque
1239 2476 1310 2526 95,
1340 2485 1436 2517 non
1466 2477 1551 2517 103
1590 2476 1631 2516 et
1663 2475 1764 2528 110)
1795 2477 1828 2515 1.

111 2536 166 2577 '¹19
198 2531 320 2587 Quin
351 2534 402 2577 ςε
444 2531 565 2585 Quid
596 2535 625 2574 G
656 2546 684 2574 a
713 2535 745 2573 L
773 2534 779 2587 Ι
805 2531 971 2587 loquar
999 2535 1053 2575 L:
1084 2531 1251 2587 loquor
1280 2535 1309 2573 c
1340 2546 1368 2573 a
1393 2532 1400 2587 Ι
1426 2530 1526 2587 ipse
1555 2536 1588 2573 L
1612 2534 1628 2587 u
1650 2536 1705 2575 81
1731 2545 1826 2575 car-

113 2589 203 2635 inis
238 2589 370 2635 Dom.
401 2591 418 2647 ΙΙ
447 2594 503 2635 82
535 2589 817 2647 genitalibus
854 2594 882 2631 c
914 2605 942 2632 a
971 2593 1004 2632 L
1027 2591 1042 2646 11
1065 2593 1120 2634 83
1159 2588 1400 2646 ingenituo
1437 2594 1471 2632 L
1501 2592 1517 2645 ΙΙ
1547 2595 1617 2634 86.
1661 2595 1731 2634 84.
1771 2594 1826 2633 85

98 2652 243 2694 ommt
279 2652 308 2691 0
346 2663 374 2692 a
409 2652 466 2704 L,
501 2650 674 2693 traieci.
708 2652 955 2704 praeeunte
991 2662 1047 2692 ex
1076 2652 1214 2704 parte
1251 2647 1470 2692 Geuartio
1501 2654 1579 2701 84,
1615 2652 1670 2692 85
1702 2649 1830 2692 eiecit

129 2708 240 2753 arkl.
271 2708 287 2763 ΙΙ
317 2710 374 2754 85
403 2707 560 2764 lepore
590 2707 979 2763 Lindenbroyius:
1017 2707 1184 2751 decore
1214 2711 1243 2749 c
1275 2721 1302 2749 a
1331 2711 1364 2749 1.
1394 2708 1410 2763 ΙΙ
1439 2711 1493 2751 87
1527 2719 1754 2762 ymeneon
1788 2710 1830 2750 et

99 2767 198 2812 obes
233 2769 294 2821 Ξ
329 2768 480 2819 (erasa
512 2768 535 2810 t
572 2765 679 2820 litt.)
715 2770 748 2807 L
772 2768 787 2822 ΙΙ
811 2770 866 2810 89
899 2780 950 2820 q;
989 2779 1045 2809 ex
1081 2778 1194 2810 corr.
1233 2769 1266 2807 1.
1297 2767 1313 2821 ΙΙ
1343 2770 1399 2809 90
1437 2780 1601 2820 numq:
1640 2769 1673 2806 L
1700 2765 1706 2819 Ι
1733 2764 1830 2808 fata.

108 2842 120 2870 t
148 2824 270 2871 festa
299 2828 338 2868 A
367 2827 396 2867 (ἕ
426 2828 460 2867 1.
481 2825 498 2882 ΙΙ
520 2828 575 2868 93
609 2823 684 2869 Sic
714 2826 876 2868 natum
909 2827 937 2867 ς
969 2839 1017 2866 a:
1054 2820 1298 2881 Signatum
1330 2829 1359 2866 c
1388 2829 1420 2865 L
1443 2825 1459 2879 ΙΙ
1482 2829 1539 2866 94
1569 2823 1773 2879 p'oortus
1795 2828 1827 2864 L

111 2888 167 2929 96
188 2882 430 2929 trementis
460 2883 580 2928 edd:
607 2883 859 2939 prementis
888 2886 926 2925 Δ
957 2886 985 2924 c
1015 2887 1048 2924 L
1078 2883 1298 2927 trementi
1330 2883 1502 2926 Markl.
1557 2922 1561 2926 .
