2014 3164
160 218 226 270 12
231 217 264 271 6
765 217 815 263 P.
846 216 1076 261 PAPINII
1108 216 1307 261 STATII

1019 423 1061 477 I.

478 535 806 581 EPICEDION
835 537 902 581 IN
932 537 1296 581 PRISCILLAM
1327 537 1597 582 UXOREM.

158 627 214 682 Si
252 645 441 680 manus
482 630 576 679 aut
614 627 811 679 similes
851 627 1039 679 docilis
1078 627 1209 679 mihi
1247 626 1449 696 fingere
1488 644 1635 680 ceras

155 702 268 753 Aut
306 701 436 753 ebur
473 699 749 768 impressis
790 718 1046 752 aurumue
1084 700 1321 752 animare
1359 700 1544 768 figuris
1553 741 1567 769 ‚

154 773 311 842 Hinc,
347 772 607 842 Priscilla,
643 776 737 826 tuo
778 773 973 826 solatia
1009 776 1166 842 grata
1204 775 1400 826 marito

155 846 516 914 Conciperem.
575 864 804 914 namque
844 846 1069 915 egregia
1097 846 1297 915 pieizabe
1335 848 1584 915 meretur,

154 918 231 972 Ut
268 920 354 972 uel
392 919 619 988 Apelleo
658 919 840 972 uultus
880 919 1096 988 signata
1135 920 1326 988 colore7
1894 932 1920 973 5

154 992 412 1046 Phidiaca
449 992 536 1045 uel
573 995 702 1045 nata
740 1011 905 1044 11131111
941 991 1162 1044 reddare
1201 992 1419 1045 dolenti.

156 1064 242 1119 Sic
281 1066 486 1118 auferre
524 1066 670 1135 rogis
710 1066 956 1118 umbram
995 1068 1219 1118 conatur
1258 1068 1312 1118 ei:
1348 1065 1539 1134 ingens

156 1137 440 1192 Certamen
479 1157 598 1191 cum
636 1141 808 1191 morte
848 1138 986 1206 gerih
1024 1155 1283 1207 curasque
1322 1137 1519 1207 fatigat

154 1213 439 1265 Artificum
477 1213 637 1280 inque
678 1211 820 1264 omni
860 1214 913 1263 te
954 1211 1164 1280 quaerit
1200 1228 1379 1264 amare
1417 1211 1651 1264 met-allo,

156 1284 259 1338 Sed
297 1285 541 1338 mortalis
578 1285 768 1353 honOS‚
808 1284 965 1353 agilis
1005 1301 1162 1368 quem
1201 1285 1387 1338 dextra
1423 1285 1649 1337 laborat.
1867 1297 1922 1337 10

153 1358 269 1411 Nos
308 1359 424 1427 tibi,
461 1358 667 1410 laudati
704 1357 911 1409 iuuenis
951 1358 1229 1411 carissima
1266 1358 1511 1427 coniunx,

154 1431 343 1501 Longa
381 1449 479 1484 nec
518 1432 802 1484 obscurum
839 1431 1000 1483 finem
1038 1431 1216 1484 latura
1252 1432 1475 1500 perenni

153 1505 501 1573 Temptamus
541 1504 665 1556 dare
702 1505 846 1556 iusta
883 1504 1017 1572 lyra,
1056 1504 1216 1558 modo
1257 1505 1442 1557 dexter
1479 1503 1676 1574 Apollo
1725 1514 1728 1518 ’

155 1578 359 1648 Quique
398 1578 549 1630 11011111
585 1579 768 1630 iuncto
809 1576 942 1629 mihi
981 1595 1189 1646 semper
1225 1576 1479 1647 Apolline
1519 1577 1715 1630 Caesar

154 1651 401 1704 Annuat:
441 1651 584 1704 haud
624 1651 727 1703 alio
767 1651 958 1703 melius
998 1650 1225 1704 condere
1265 1652 1523 1720 sepulcro,
1563 1717 1569 1723 ²
1866 1662 1920 1703 15

155 1724 284 1778 Sera
323 1724 536 1794 quidem
574 1726 731 1776 13311130
772 1723 997 1776 struitur
1034 1724 1299 1777 medicina
1336 1725 1532 1792 dolori,

153 1797 341 1850 Altera
380 1816 500 1850 cum
541 1797 775 1850 uolucris
814 1797 1020 1850 Phoebi
1058 1800 1178 1851 roiza
1214 1800 1462 1867 torqueat]
1501 1815 1724 1864 annum3

111 1878 115 1881 *
156 1870 260 1924 Sed
299 1889 419 1924 cum
458 1871 619 1940 plaga
656 1887 840 1923 recens
880 1873 935 1922 et
975 1869 1147 1923 adhuc
1185 1871 1243 1922 in
1280 1871 1501 1924 uulnere
1540 1870 1712 1939 primo

153 1944 335 2014 Aegra
372 1944 577 2012 (10111110,
616 1946 807 2013 questu
846 1943 1041 1996 misero
1086 1944 1322 2012 hautque
1363 1961 1605 1997 accessus
1639 1943 1706 1996 ad
1739 1960 1919 1996 aurem

155 2016 411 2087 Coniugis
452 2017 650 2069 orbati:
688 2019 818 2068 tunc
855 2016 979 2069 fiere
1020 2020 1074 2069 eb
1119 2016 1357 2069 scindere
1394 2021 1574 2070 uesfies
1863 2029 1918 2070 20

152 2091 227 2144 Et
263 2090 493 2144 famulos
531 2091 734 2143 lassare
773 2105 961 2159 greges
1001 2092 1055 2142 et
1089 2090 1302 2143 uincere
1339 2091 1588 2158 planctus

152 2163 391 2233 Fataque
429 2166 483 2216 et
519 2164 744 2216 iniustos
782 2163 984 2216 rabidis
1022 2163 1234 2232 pulsare
1273 2164 1501 2233 querelis

154 2236 443 2290 Caelicolas
483 2237 723 2289 solamen
761 2239 889 2288 erat.
950 2236 1075 2289 licet
1111 2237 1227 2306 ipse
1266 2237 1520 2290 leuandos

152 2310 239 2363 Ad
278 2310 507 2380 gemi’ous
547 2310 697 2363 siluis
736 2310 1020 2363 comitalsus
1059 2312 1114 2362 et
1152 2310 1399 2363 amnibus
1439 2309 1682 2379 Orpheus

152 2382 362 2436 Afforef,
399 2385 558 2451 atque
603 2383 777 2436 omnis
816 2383 1018 2450 pariter
1055 2386 1342 2437 matertera
1377 2387 1571 2451 uatem,
1860 2396 1915 2436 25

153 2456 339 2510 Omnis
377 2455 695 2524 Apollineus
732 2458 938 2525 tegeret
967 2455 1270 2526 Bacchique
1309 2456 1579 2513 sacerdos:

269 2673 302 2717 I.
361 2673 568 2718 Titulum
605 2673 710 2717 dedi
747 2686 802 2716 ex
846 2676 883 2716 Δ
922 2677 972 2728 ⁰3
1018 2673 1159 2718 Prisc.
1198 2671 1453 2718 Abascanti
1491 2686 1681 2718 uxorem
1720 2677 1764 2730 ς,
1810 2673 1914 2728 fort.

150 2733 317 2777 rectius
353 2732 369 2788 ΙΙ
407 2737 433 2776 9
466 2731 647 2788 quaeriiz
677 2731 847 2775 habere
881 2732 1054 2777 Markl.
1086 2733 1103 2788 ΙΙ
1136 2736 1187 2776 11
1221 2731 1458 2776 rarissima
1489 2736 1518 2773 c
1549 2747 1589 2787 a,
1621 2745 1734 2777 corr.
1769 2735 1798 2776 ς
1822 2734 1837 2788 Η
1862 2736 1915 2777 17

151 2791 387 2836 uolucrem
421 2790 592 2835 Markl.
617 2790 633 2846 ΙΙ
659 2794 712 2833 19
743 2790 896 2847 Aegra
919 2790 1163 2835 Heinsius.-
1192 2790 1340 2848 Nigra
1370 2794 1400 2832 c
1424 2805 1452 2833 a
1477 2792 1484 2846 1
1511 2790 1679 2836 misero
1710 2791 1916 2846 hautque

150 2851 340 2906 scripsi:
394 2849 704 2905 miseramque
744 2852 774 2890 0
812 2864 841 2891 a
878 2850 893 2905 ΙΙ
930 2854 988 2893 20
1026 2851 1138 2894 tunc
1179 2852 1209 2891 θ
1249 2852 1301 2894 ςε
1338 2862 1461 2894 1111110
1499 2863 1528 2892 ει
1572 2850 1590 2905 ΙΙ
1633 2855 1687 2893 21
1726 2849 1916 2927 iungere

151 2908 365 2965 planctus
403 2908 627 2953 Heinsius
