2014 3164
679 185 993 231 SIL’UARUM
1026 185 1076 230 L.
1110 186 1187 242 111,
1221 191 1260 230 5.
1794 188 1866 241 93

97 307 453 376 Parthenope,
493 306 578 359 cui
617 306 746 358 mite
786 304 959 358 solum
998 308 1148 358 trans
1188 323 1421 375 aequora
1461 310 1644 360 uectae

31 382 52 422 ἦ
97 380 222 451 Ipse
260 379 501 434 Dionaea
539 378 866 434 monstrauit
901 378 1112 447 Apollo,
1139 379 1401 432 columba.
1811 394 1867 434 80

30 484 47 523 vy
97 452 214 507 Has
253 469 353 523 ego
392 456 447 506 te
486 452 636 506 sedes
677 452 826 521 (nam
854 469 964 596 >nec
1003 451 1135 577 mithi
1175 452 1406 506 barbara
1443 452 1648 507 Thrace

38 531 51 565 s'
98 525 212 581 Nec
249 525 418 596 Libye
457 526 636 580 natale
678 526 850 579 solum
915 529 1065 578 trans
1090 542 1205 577 erre
1244 525 1446 590 laboro,

31 571 48 662 ‚i
100 598 243 663 Quas
283 602 338 653 et
374 598 550 653 mollis
589 599 761 652 hiems
801 602 856 652 et
892 597 1091 668 frigida
1129 600 1393 667 temperat
1431 603 1623 668 aestas,

30 661 49 823 Ῑ
99 671 244 735 Quas
283 672 480 726 inbelle
519 672 717 725 fretum
755 672 1095 741 torpentibus
1135 671 1304 724 adluit
1342 672 1512 727 undis,

98 745 212 799 Pax
251 763 438 800 secura
475 746 605 799 locis
646 748 699 798 et
736 745 931 798 desidis
976 745 1087 798 otia
1124 744 1268 798 uitae
1809 760 1866 801 85

29 827 47 937 ἰ
98 818 172 873 Et
210 837 498 889 numquam
537 819 756 872 turbata
794 818 944 888 quies
984 818 1263 887 somnique
1302 820 1491 888 parati.

98 891 266 948 Nulla
302 892 422 946 foro
461 891 637 945 rabies
677 894 771 945 aut
810 891 1030 944 strictae
1070 892 1125 943 in
1164 891 1340 961 iurgia
1379 893 1549 962 leges:

35 970 42 1037 Ιζ
99 963 313 1020 Morum
350 965 468 1019 iura
505 965 637 1018 uiris
679 966 852 1018 solum
892 967 946 1017 et
985 965 1096 1017 sine
1135 964 1371 1018 fascibus
1412 984 1653 1036 aequum.

101 1037 240 1102 Quid
276 1056 421 1092 nunc
459 1038 771 1109 magnificas
812 1038 1014 1108 species
1054 1038 1331 1107 cultusque
1371 1040 1610 1094 locorum

23 1110 41 1172 ᾗ,
101 1112 427 1182 Templaque
467 1114 522 1165 et
557 1112 850 1165 innumeris
891 1111 1068 1180 spatia
1105 1111 1446 1166 interstincta
1486 1114 1764 1182 columniS,
1812 1128 1868 1168 90

99 1184 174 1240 Et
250 1185 482 1238 eminam
521 1186 717 1238 molem
757 1184 886 1237 nudi
924 1185 1157 1254 tectique
1188 1185 1388 1239 theatri

17 1257 31 1325 ξ’
100 1258 175 1312 Et
258 1257 533 1328 apitolinis
573 1259 939 1328 quinquennia
976 1258 1221 1326 proxima
1258 1259 1456 1326 lustriS‚

17 1341 19 1385 ἵ
102 1331 241 1395 Quid
279 1331 491 1385 laudem
529 1331 678 1385 lusus
717 1331 1129 1400 libertatemque
1169 1331 1463 1398 Menandri,

16 1416 43 1470 ζῇ
102 1404 273 1468 Quam
311 1404 587 1459 Romanus
625 1404 798 1459 honos
840 1407 894 1457 et
932 1403 1096 1457 Graia
1133 1404 1351 1457 licentia
1391 1406 1655 1459 miscent?

101 1477 215 1532 Nec
247 1477 439 1532 desunt
476 1478 659 1531 uariae
698 1478 839 1531 circa
878 1477 1239 1531 oblectamina
1276 1479 1441 1532 uitae:
1813 1494 1869 1534 95

105 1550 228 1605 Siue
265 1551 613 1621 uaporiferaS,
650 1550 1004 1604 blandissima
1041 1551 1217 1619 litora,
1257 1550 1442 1621 BaiaS,

101 1623 318 1678 Enthea
353 1624 606 1678 fatidicae
647 1643 738 1678 seu
779 1624 952 1677 uisere
991 1627 1133 1677 tecta
1166 1622 1399 1693 Sibyllae

102 1697 271 1752 Dulce
310 1699 381 1752 sit
416 1697 688 1768 Iliacoque
725 1698 910 1767 iugum
950 1698 1298 1750 memorabile
1336 1716 1497 1767 rem0,

104 1769 210 1826 Seu
246 1771 346 1825 tibi
384 1770 617 1825 Bacchei
653 1771 837 1824 uineta
875 1771 1146 1823 madentia
1182 1770 1349 1824 Gauri

105 1844 505 1914 Teleboumque
543 1844 746 1909 domos,
783 1844 1004 1913 trepidis
1044 1844 1136 1896 ubi
1175 1843 1351 1897 dulcia
1388 1845 1569 1898 nautis
1790 1860 1872 1900 100

10 1958 12 1966 .
104 1917 334 1972 Lumina
369 1918 689 1988 noctiuagae
726 1917 871 1971 tollit
909 1917 1116 1970 Pharus
1157 1918 1368 1971 aemula
1404 1918 1578 1987 lunae,

106 1990 349 2062 Oaraque
386 2009 496 2046 non
534 1991 684 2044 molli
722 1992 851 2061 iuga
890 1989 1207 2044 Surrentina
1245 1990 1445 2060 Lyae0‚

108 2064 256 2129 Quae
295 2081 445 2118 meus
484 2068 608 2118 ante
647 2065 781 2119 alios
822 2064 1100 2118 habitator
1137 2063 1340 2118 Pollius
1381 2069 1556 2135 auget,

35 2183 37 2185 ,
107 2138 476 2210 Aenariaeque
514 2139 662 2192 lacus
693 2137 927 2192 medicos
968 2136 1284 2207 Stabiasque
1323 2143 1556 2192 renatas,

227 2420 284 2462 80
315 2416 485 2461 dionea
515 2441 567 2448 -
602 2414 818 2459 columba
847 2416 905 2458 A:
945 2414 1139 2459 dioneae
1171 2440 1226 2447 —
1259 2414 1500 2460 columbae
1530 2420 1559 2458 0
1589 2417 1606 2471 ΙΙ
1636 2420 1691 2461 86
1723 2416 1875 2483 parati

111 2479 162 2521 ‘32
193 2474 371 2533 peracti
409 2479 438 2518 0
477 2489 505 2517 a
533 2475 550 2531 ΙΙ
580 2478 635 2519 87
677 2473 867 2523 strictae
903 2472 953 2517 in
991 2472 1144 2530 iurgia
1173 2473 1301 2530 leges
1332 2477 1370 2516 Δ
1401 2479 1451 2517 c:
1493 2474 1685 2519 strictae
1725 2475 1877 2532 iurgia

30 2595 31 2598 Ἴ
108 2534 228 2592 legis
260 2537 290 2579 ς
327 2535 350 2636 q
381 2537 439 2579 90
471 2532 755 2590 Templaque
796 2534 844 2576 et
872 2531 965 2576 inu.
998 2535 1056 2575 A:
1096 2531 1383 2589 Templaque
1414 2532 1508 2577 inn.
1542 2538 1571 2576 0
1607 2535 1623 2590 [Ι
1661 2538 1717 2577 93
1748 2533 1875 2578 lusus

28 2612 31 2628 κ
108 2593 296 2650 scripsi:
351 2591 442 2638 itus
483 2596 512 2635 0
550 2606 578 2635 a
614 2591 731 2636 risus
768 2590 1134 2647 Lindenbroyius
1164 2592 1180 2648 ΙΙ
1210 2596 1265 2635 93
1306 2591 1548 2636 Menandri
1590 2596 1875 2650 corruptum3

102 2651 421 2709 'proponebant
455 2649 642 2695 iocandi
677 2649 868 2694 lauandi
898 2649 1090 2694 natandi
1118 2650 1323 2708 uagandi
1358 2650 1545 2695 meandi
1589 2652 1606 2707 ss
1651 2655 1708 2695 94
1745 2651 1877 2708 graia

112 2715 162 2756 ςε
195 2712 332 2768 grata
369 2713 398 2752 0
428 2724 457 2752 a
485 2709 502 2768 ΙΙ
540 2713 625 2754 104
654 2709 982 2764 Denarumque
1019 2709 1108 2762 (ita
1144 2712 1182 2751 A
1220 2711 1265 2765 0)
1304 2714 1587 2766 corruptum3
1626 2708 1876 2754 Aenariae-

110 2782 200 2826 que
236 2769 371 2814 Dom.
402 2766 727 2825 Dimidiaeque
759 2767 981 2822 Imhofius
1009 2768 1062 2811 in
1090 2767 1228 2812 huius
1258 2769 1476 2813 carminis
1491 2808 1498 2813 .
1513 2768 1708 2813 editione
1738 2769 1877 2814 Halis

11 2882 15 2887 1
111 2842 153 2873 α.
186 2830 310 2874 1863
341 2827 502 2872 emissa
525 2840 574 2884 p.
607 2831 674 2874 28
701 2828 707 2883 Ι
736 2826 1010 2883 Stabiasque
1042 2820 1263 2872 Heinsius
1292 2827 1370 2883 (ef.
1397 2827 1565 2883 Imhof.
1595 2827 1751 2883 ibid.):
1783 2830 1875 2873 sta·

4 2887 6 2890 '
38 2915 44 2924 ·
108 2885 323 2944 tiuasque
354 2890 383 2929 0
413 2885 703 2943 statinasque
733 2900 761 2929 a
