2028 3112
144 146 260 174 xvm
717 127 997 173 EDITORIS
1027 128 1383 174 PRAEFATIO.

147 250 410 319 processit
458 247 674 302 Statius.
750 249 901 301 uerbi
949 249 1123 318 gratia
1169 249 1286 302 silu.
1323 248 1407 303 III
1445 248 1494 316 5,
1531 248 1601 302 48
1651 249 1792 302 inter
1835 251 1910 302 fe-

146 324 321 376 minas
346 323 492 376 domi
525 341 556 374 a
586 321 795 374 maritis
821 339 876 374 se
898 322 1110 374 relictas
1135 322 1376 374 dolentes
1398 322 1666 374 habentur
1687 320 1911 391 Aegiale

147 400 201 450 et
238 395 526 464 Meliboea,
571 395 634 446 de
681 412 905 464 quarum
943 395 1037 446 illa
1074 395 1233 463 plane
1272 395 1538 448 contraria
1574 399 1797 447 narrant
1832 395 1910 447 fa·

146 470 326 534 bulae‚
374 469 506 521 haec
551 468 707 520 nobis
757 471 898 521 certe
942 468 1131 537 ignota
1169 471 1264 521 est.
1339 468 1489 520 uides
1536 468 1661 537 quid
1700 468 1779 520 rei
1818 469 1912 522 sit:

147 561 294 595 mera
339 542 563 595 nomina
608 541 789 609 posuit
835 544 996 609 poeta
1041 541 1450 609 nominibusque
1489 541 1764 609 imponere
1804 543 1913 593 stu-

147 616 275 668 duit.
353 617 446 667 aut
492 632 612 666 cum
656 613 953 666 Domitiani
999 632 1193 683 equum
1248 631 1368 667 cum
1414 613 1646 667 Troiano
1702 631 1912 681 compa·
2003 625 2008 630 “

146 707 273 742 rans
311 687 338 741 I
381 689 427 757 1,
469 688 531 740 11
577 705 689 756 sqq.
731 687 1004 740 scriberet:

384 831 518 875 Hunc
548 843 697 886 neque
729 829 933 874 discissis
967 830 1195 886 cepissent
1223 831 1451 887 Pergama
1480 830 1637 886 muris,

381 890 480 934 Nec
510 902 650 945 grege
675 888 909 945 'permixto
940 889 1073 945 pueri
1103 888 1418 946 innuptaeque
1448 889 1655 945 puellae,

384 949 490 1005 Ipse
521 961 606 992 nec
637 947 817 992 Aeneas
849 960 934 991 nec
965 961 1159 1005 magnus
1191 947 1379 992 duceret
1408 947 1593 1002 Hector,

149 1101 256 1152 qua
293 1082 404 1151 egit
440 1080 800 1148 festinatione,
840 1081 1036 1133 oblitus
1076 1084 1158 1133 est
1188 1080 1474 1133 Hectorem
1497 1084 1622 1148 'tum
1659 1082 1916 1150 temporis

150 1155 349 1207 dudum
380 1155 519 1206 inter
542 1156 783 1207 mortuos
814 1153 980 1206 fuisse
993 1150 1064 1223 ³¹²).
1112 1154 1229 1206 aliis
1256 1171 1466 1223 quoque
1500 1154 1755 1206 siluarum
1786 1155 1918 1208 locis

150 1229 348 1296 multiS‚
388 1228 482 1279 ubi
506 1227 664 1279 altius
689 1227 1092 1294 introspicimus
1115 1245 1286 1295 neque
1309 1227 1595 1289 uerborum
1618 1245 1718 1280 nos
1743 1229 1919 1283 sonitu

151 1301 372 1353 deleniri
423 1301 682 1368 patimur,
733 1303 995 1368 apparatu
1049 1300 1141 1351 illo
1197 1299 1560 1369 mythologico
1613 1318 1723 1353 non
1775 1304 1918 1354 recte

152 1375 390 1427 adhibito
438 1373 773 1440 offendimur,
821 1372 1327 1440 offendebanturque
1377 1373 1490 1424 sine
1530 1372 1690 1425 dubio
1730 1391 1793 1425 ex
1830 1392 1918 1426 ue-

149 1447 351 1500 teribus
390 1446 562 1498 multi.
622 1446 755 1497 haec
792 1445 959 1514 igitur
997 1445 1264 1512 patienter
1318 1444 1540 1497 ferenda
1578 1449 1704 1498 sunt
1742 1450 1796 1498 et
1835 1465 1918 1499 ex-

152 1520 386 1574 cusanda
411 1537 475 1571 ex
506 1519 611 1571 ista
637 1518 901 1570 scribendi
926 1519 1210 1570 celeritate.
1267 1517 1553 1586 eademque
1578 1519 1920 1589 neglegentia

151 1594 208 1646 in
246 1593 364 1645 aliis
404 1609 612 1661 quoque
650 1592 832 1660 rebus,
877 1591 1105 1642 maxime
1153 1608 1287 1660 quae
1329 1591 1396 1643 ad
1443 1592 1739 1644 carminum
1779 1610 1919 1645 com-

152 1666 475 1736 positionem
515 1665 762 1731 attinent,
802 1664 1050 1716 cernitur.

299 1738 644 1791 Peruenimus
684 1737 751 1788 ad
790 1736 997 1789 dicendi
1036 1752 1220 1805 genus.
1282 1739 1398 1788 erat
1438 1735 1642 1789 Statius
1684 1756 1920 1791 summus

152 1830 405 1866 uersuum
452 1810 818 1862 faciendorum
864 1809 1069 1862 artifex,
1146 1827 1208 1861 ex
1255 1809 1468 1861 assidua
1513 1810 1740 1863 lectione
1786 1809 1920 1880 (fere

155 1903 340 1940 omnes
401 1902 533 1953 quos
596 1883 807 1951 quidem
862 1882 1110 1935 nouimus
1170 1885 1358 1951 poetas
1411 1881 1685 1936 Romanos
1746 1886 1920 1953 magis

154 1960 399 2012 minusue
453 1959 638 2026 aperta
690 1955 993 2008 imitatione
1034 1953 1315 2025 expressit)
1354 1955 1498 2008 bona
1544 1959 1597 2008 et
1640 1956 1821 2009 indole
1868 1961 1922 2010 et

154 2031 411 2086 memoria
443 2030 653 2082 adiutus
692 2029 746 2080 id
785 2028 1065 2081 adsecutus
1105 2032 1223 2081 erat
1252 2032 1313 2080 ut
1343 2029 1490 2081 nullo
1522 2029 1704 2081 labore
1735 2048 1920 2083 uersus

155 2105 401 2159 funderet
445 2106 611 2171 utque
658 2102 915 2154 dictiones
961 2101 1198 2170 poeticas
1246 2119 1277 2153 a
1321 2102 1588 2170 prioribus
1634 2106 1920 2171 usurpatas

157 2197 269 2232 non
307 2181 586 2245 tamquam
625 2193 823 2243 seruus,
863 2174 955 2227 sed
993 2177 1054 2227 ut
1090 2193 1182 2227 rex
1222 2177 1380 2243 atque
1419 2174 1667 2228 dominus
1705 2176 1763 2228 in
1800 2194 1921 2244 pro-

155 2252 333 2322 prium
388 2249 665 2303 adhiberet
716 2266 886 2301 usum.
971 2247 1062 2300 sed
1116 2265 1235 2301 cum
1288 2248 1347 2300 in
1393 2247 1668 2301 Thebaide
1722 2250 1922 2317 partim

158 2324 312 2396 quasi
353 2322 621 2393 quoddam
653 2324 921 2374 certamen
952 2321 1112 2373 iniret
1151 2338 1270 2373 cum
1309 2321 1667 2379 anterioribus
1705 2322 1921 2374 horum-

158 2416 259 2469 que
305 2397 448 2449 dicta
493 2395 685 2448 callide
733 2397 787 2447 et
825 2393 1108 2447 artificiose
1146 2394 1468 2462 imitaretur,
1514 2394 1711 2462 partim
1750 2412 1922 2448 nouas

156 2470 473 2542 procuderet
518 2468 795 2537 dictioneS,
841 2470 1027 2520 contra
1072 2467 1130 2519 in
1178 2467 1328 2520 siluis
1374 2468 1548 2536 magis
1593 2467 1751 2520 tritas
1798 2468 1924 2520 iniit

276 2702 318 2758 ³⁸)
350 2699 555 2758 procliue
580 2700 650 2744 est
673 2698 1078 2744 emendatiuncula
1102 2698 1262 2756 aliqua
1283 2697 1399 2743 talia
1421 2697 1607 2754 tollere‘3
1638 2698 1784 2742 ueluti
1806 2698 1924 2744 mihi

160 2760 409 2818 aliquando
440 2759 490 2803 in
519 2759 722 2804 mentem
753 2757 884 2803 uenit
912 2758 1095 2803 Actoris
1126 2771 1294 2803 nomen
1324 2769 1558 2814 reponere.
1623 2757 1703 2802 sed
1733 2757 1821 2802 hoc
1853 2758 1925 2804 est

159 2822 313 2878 ipsum
344 2817 571 2876 corrigere
601 2818 801 2874 poetam.
