2014 3164
12 1439 38 1666 :efflas->2
17 1408 25 1420 ›

688 185 998 232 SILUARUM
1029 185 1079 231 L.
1111 186 1148 242 1,
1178 189 1219 230 2.
1772 185 1833 237 17

78 307 298 378 Iamque
335 323 529 376 parens
566 305 768 373 Latius,
806 305 954 359 cuius
993 323 1342 374 praenoscere
1385 307 1618 358 mentem

0 405 1 414 ¹
78 379 183 434 Fas
221 379 367 448 mihi,
405 397 700 448 purpureos
738 378 954 432 habitus
992 379 1276 448 iuuenique
1315 378 1495 431 curule

77 452 390 523 Indulgebit
425 452 556 507 ebur
594 450 873 521 Dacasque
912 450 999 521 (ea
1036 452 1209 519 gloria
1246 449 1441 522 maior)
1758 464 1840 503 180

39 541 41 547 ·
78 526 331 590 Exuuias
343 525 640 595 laurosque
679 525 829 578 dabit
866 524 1131 577 celebrare
1170 528 1428 577 recentes.

78 598 225 671 Ergo
265 615 380 669 age,
418 598 580 669 iunge
618 601 767 651 toros
806 600 965 667 atque
1004 598 1116 651 otia
1153 597 1304 651 deme
1341 598 1605 650 iuuentae.

0 664 1 729 ἷ
79 670 223 735 Quas
263 688 363 742 ego
401 690 511 725 non
551 675 751 741 genteS‚
790 688 924 740 quae
963 689 1072 725 non
1108 670 1224 723 face
1262 670 1423 723 corda
1460 670 1677 740 iugaui?

0 793 1 805 ,
77 744 323 799 Alituum
360 744 724 814 pecudumque
763 744 895 796 mihi
935 744 1157 812 durique
1194 743 1429 796 ferarum

0 815 1 879 ᾗ
78 817 203 872 Non
240 835 461 871 renuere
500 834 713 887 greges3
751 817 926 885 ipsum
967 817 1022 869 in
1062 817 1290 870 conubia
1326 821 1500 869 terrae
1755 828 1839 869 185

0 905 1 941 i
79 891 330 959 Aethera,
367 908 487 944 cum
512 890 722 974 ‘pluuiis
759 893 1038 943 rarescunt
1073 890 1272 958 nubila,
1312 890 1478 943 soluo.

43 992 45 1001 ·
80 961 167 1018 Sic
205 981 381 1017 rerum
421 964 583 1017 series
622 963 908 1032 mundique
952 964 1236 1016 reuertitur
1274 967 1436 1015 aetas.

0 1053 3 1073 ³
41 1051 51 1101 ,’
79 1036 235 1092 Unde
274 1054 475 1091 nouum
515 1036 706 1090 Troiae
745 1037 903 1089 decus
943 1037 1326 1105 ardentumque
1365 1036 1585 1089 deorum

79 1110 386 1180 Raptorem,
422 1109 658 1180 Phrygio
698 1110 742 1162 si
780 1127 889 1162 non
928 1127 1028 1178 ego
1067 1110 1250 1163 iuncta
1281 1110 1490 1178 marito,

0 1200 1 1205 ¹
82 1183 278 1253 Lydius
317 1183 457 1236 unde
496 1201 643 1237 meos
681 1183 928 1236 iterasset
966 1182 1200 1252 Thybris
1239 1182 1423 1236 Iulos?
1759 1195 1843 1236 190

0 1271 4 1298 ³
81 1255 210 1320 Quis
250 1256 700 1327 septemgeminae
738 1256 1008 1325 posuisset
1046 1256 1257 1309 moenia
1288 1255 1491 1309 Romae

2 1331 3 1374 ἶ
79 1329 297 1400 Imperii
334 1328 538 1383 Latiale
577 1332 750 1398 caput,
788 1329 845 1381 ni
883 1329 1138 1382 Dardana
1175 1330 1319 1383 furto

83 1401 325 1472 Cepisset
359 1401 603 1471 Martem,
640 1420 736 1455 nec
774 1420 858 1455 me
897 1403 1229 1471 prohibente,
1268 1401 1578 1456 sacerdos?’

81 1475 182 1530 His
221 1476 418 1529 mulcet
455 1475 611 1529 dictis
649 1476 918 1545 tacitoque
957 1477 1187 1544 inspirat
1223 1476 1427 1529 honore

83 1547 325 1603 Conubii.
399 1549 625 1602 redeunt
661 1549 840 1601 animo
878 1549 985 1601 iam
1025 1549 1165 1602 dona
1203 1566 1488 1619 precesque
1760 1562 1842 1603 195

82 1620 156 1675 Et
193 1622 442 1676 lacrimae
480 1622 775 1692 uigilesque
814 1621 916 1673 uiri
954 1640 1119 1690 prope
1158 1622 1343 1674 limina
1382 1626 1623 1691 questus,

13 1709 30 1740 ἐκ
83 1694 291 1749 Asteris
330 1698 384 1748 et
420 1695 560 1747 uatis
598 1697 768 1748 totam
807 1697 1024 1747 cantata
1061 1712 1157 1763 per
1194 1695 1396 1763 urbem,

13 1775 46 1831 ³,
83 1767 289 1821 Asteris
329 1770 453 1821 ante
492 1767 671 1835 dapes,
709 1770 866 1820 nocte
907 1767 1128 1835 AsteriS,
1166 1767 1374 1820 Asteris
1414 1772 1550 1837 ortu,

84 1840 351 1904 Quantum
389 1858 502 1894 non
539 1841 798 1894 clamatus
837 1839 1022 1909 Hylas,
1098 1841 1308 1910 iamque
1348 1860 1537 1910 aspera
1575 1843 1751 1911 coepit

82 1913 318 1968 Flectere
357 1913 518 1967 corda
554 1911 732 1967 libens
767 1917 820 1966 et
856 1914 963 1966 iam
1003 1914 1105 1966 sibi
1145 1914 1278 1967 dura
1308 1914 1490 1967 uideri.
1759 1929 1844 1968 200

45 2059 49 2063 ι
83 1986 258 2041 Macte
295 1987 444 2055 toriS,
481 1985 664 2040 Latios
702 1987 843 2040 inter
879 1987 1235 2056 placidissime
1267 1992 1433 2056 natea,

86 2059 238 2123 Quod
278 2059 468 2113 durum
504 2077 816 2129 permensus
855 2061 957 2113 iter
995 2061 1257 2130 certisque
1297 2062 1394 2114 sub
1434 2062 1542 2115 oris

84 2131 348 2188 Prendisti
385 2135 586 2203 portus,
660 2132 861 2186 nitidae
908 2134 983 2187 sic
1021 2135 1302 2203 transfuga
1339 2133 1493 2187 Pisae

53 2206 276 2260 *Amnis
314 2207 372 2259 in
410 2209 659 2260 externos
698 2207 856 2276 longe
893 2206 1198 2260 flammatus
1237 2225 1443 2261 amores

85 2278 332 2332 Flumina
370 2279 611 2333 demerso
647 2279 818 2332 trahit
854 2280 1172 2334 intemerata
1209 2282 1404 2350 canali,
1760 2296 1846 2337 205

205 2531 289 2572 180
319 2526 548 2583 dacasque
580 2529 628 2572 et
656 2526 806 2584 gloria
834 2532 872 2570 A
896 2532 938 2583 c,
970 2529 1158 2573 correxi.
1193 2542 1250 2573 en
1272 2528 1494 2574 Handius
1516 2532 1532 2586 u
1558 2535 1640 2596 183
1669 2531 1847 2573 mentes

22 2581 45 2639 Ξ,-
86 2584 308 2630 Heinsius
334 2585 341 2642 Ι
366 2585 513 2642 iugali
543 2590 572 2628 c
603 2601 642 2641 a,
674 2599 787 2630 corr.
820 2586 999 2655 Dom.-{1
1034 2592 1114 2631 192
1146 2586 1193 2630 ni
1224 2601 1323 2644 eqo:
1359 2587 1399 2631 si
1430 2593 1458 2630 c
1490 2587 1579 2632 nisi
1612 2592 1641 2632 ς
1673 2603 1701 2630 a
1722 2590 1738 2644 u
1763 2593 1848 2631 194

28 2649 45 2669 '³
88 2642 323 2700 tacitoque
352 2643 383 2688 i.
414 2644 635 2688 honorem
667 2649 695 2686 c
726 2659 766 2699 a,
802 2646 989 2690 correxi.
1028 2646 1317 2701 tacitumque
1349 2650 1389 2690 et
1419 2660 1624 2691 amorem
1656 2651 1685 2691 ς
1715 2649 1731 2702 ΙΙ
1767 2652 1848 2690 195

85 2701 180 2746 iam
209 2704 322 2747 uota
353 2702 526 2748 Markl.
550 2703 673 2759 11201
707 2702 1008 2759 placitissime
1039 2703 1320 2749 Schrader-us
1343 2707 1359 2761 u
1382 2710 1466 2749 202
1500 2705 1728 2760 certisque
1762 2705 1849 2784 sub

0 2793 4 2821 Ῑ
85 2759 177 2804 oris
210 2761 396 2816 scripsi:
434 2761 713 2818 c(o)eptique
750 2761 921 2806 laboris
962 2767 991 2805 c
1021 2778 1049 2806 a
1067 2765 1368 2820 coeptosque
1407 2763 1589 2808 labores
1629 2764 1801 2808 Markl.

20 2859 23 2866 ,
86 2822 171 2863 203
211 2818 385 2864 nitidae
430 2821 504 2864 uel
544 2819 719 2864 nitiade
758 2825 807 2875 ῦς
846 2819 917 2863 Δ*
960 2821 1113 2866 nctiae
1151 2823 1335 2867 uidetur
1371 2823 1552 2878 habere,
1597 2823 1674 2867 sed
1711 2826 1764 2868 ut
1802 2805 1849 2867 ct

0 2874 24 2914 *T
85 2877 259 2922 incerta
286 2878 379 2922 sint
400 2879 416 2935 ΙΙ
438 2883 526 2922 204
554 2878 715 2923 Amnis
747 2882 798 2923 ς·
830 2880 990 2924 Annus
1021 2885 1050 2923 c
1080 2895 1110 2924 a

176 2951 316 2985 Sramn
342 2951 507 2986 Smuan.
1467 2958 1492 2998 ρ
