2014 3164
677 206 986 253 samsom
1018 208 1067 252 L.
1100 208 1134 265 1,
1169 213 1206 253 1.
1800 208 1829 259 7

71 327 250 382 Fluxit
290 327 459 398 opus?
501 326 692 382 Siculis
732 345 802 380 an
840 326 1177 380 conformata
1215 327 1437 381 caminis

42 399 294 472 .Effigies
331 402 532 455 lassum
572 399 848 469 Steropem
885 398 1246 470 Brontemque
1285 399 1535 471 reliquit?

42 473 158 528 ‚An
197 477 251 528 te
290 473 562 527 Palladiae
598 474 778 543 talem,
816 471 1153 542 Germanice,
1191 473 1346 526 nobis
1806 487 1832 527 5

69 546 336 601 Effluxere
375 565 584 616 manus,
624 547 836 617 qualem
875 546 1035 600 modo
1073 547 1227 599 frena
1264 549 1538 600 tenentem

69 619 288 674 Rhenus
328 622 383 674 et
421 620 636 674 attoniti
676 619 812 673 uidit
849 619 1036 672 domus
1075 619 1242 672 ardua
1278 618 1449 672 Daci?

69 691 225 748 Nunc
265 710 364 764 age
402 693 550 746 fama
587 692 733 761 prior
769 695 956 746 notum
996 710 1090 761 per
1127 693 1339 746 saecula
1376 710 1574 747 nomen

70 764 326 820 Dardanii
363 766 584 820 miretur
621 766 757 835 equi,
795 766 879 818 cui
918 766 1114 819 uertice
1154 783 1304 820 sacro

69 838 381 909 Dindymon
418 842 472 893 et
510 839 677 893 caesis
717 839 952 892 decreuit
995 838 1275 892 frondibus
1315 838 1440 903 Ide.⁴
1782 853 1835 893 ιο

69 911 226 967 Hunc
263 930 436 982 neque
476 911 709 966 discissis
749 912 1016 981 cepissent
1054 911 1318 982 Pergama
1355 913 1546 981 muris3

69 983 183 1039 Nec
221 1002 383 1057 grege
421 985 684 1055 permixto
723 985 874 1055 pueri
911 986 1272 1055 innuptaeque
1311 987 1542 1055 puellae,

68 1057 190 1128 Ipse
227 1077 325 1113 nec
362 1058 574 1113 Aeneas
611 1076 708 1112 nec
746 1075 972 1128 magnus
1012 1059 1229 1112 duceret
1266 1058 1481 1112 Hector.

69 1131 221 1185 Adde
261 1132 403 1202 quod
442 1132 531 1185 ille
569 1149 770 1186 nocens
810 1150 1106 1203 saeuosque
1146 1132 1423 1201 amplexus
1462 1132 1724 1201 AchiuoS,

67 1203 228 1260 Hunc
265 1205 410 1259 mitis
450 1205 790 1259 commendat
828 1223 1005 1276 eques.
1080 1206 1231 1259 iuuat
1270 1223 1365 1259 ora
1402 1206 1540 1259 tueri
1782 1219 1836 1259 15

68 1277 239 1332 Mixta
275 1279 418 1333 notis
455 1278 584 1332 belli
621 1278 990 1349 placidamque
1029 1279 1269 1348 gerentia
1307 1296 1506 1348 pacem.

68 1350 183 1406 Nec
220 1352 362 1405 ueris
400 1351 604 1405 maiora
642 1355 821 1420 putes:
860 1370 958 1421 par
995 1351 1170 1406 forma
1207 1352 1483 1422 decorque,

14 1443 27 1488 g
67 1424 173 1479 Par
208 1425 394 1479 honor.
471 1443 534 1479 ex
571 1425 740 1478 uastis
779 1424 1007 1478 Martem
1047 1443 1157 1478 non
1197 1427 1356 1479 altius
1396 1425 1559 1479 armis

14 1518 33 1563 ,ς
67 1497 344 1552 Bistonius
382 1501 564 1568 portat
603 1498 817 1568 sonipes
856 1515 1158 1568 magnoque
1199 1499 1439 1567 superbit

14 1564 31 1628 s
68 1570 310 1626 Pondere
347 1589 447 1625 nec
483 1571 638 1624 tardo
677 1574 862 1640 raptus
902 1589 1066 1641 prope
1104 1572 1326 1624 fiumina
1355 1590 1513 1626 cursu
1780 1586 1837 1627 2ο

68 1643 265 1698 Fumat
302 1647 357 1698 et
393 1644 602 1715 ingenti
639 1645 890 1714 propellit
928 1643 1218 1713 Strymona
1256 1645 1401 1698 flatu.

13 1724 29 1780 ſs
69 1717 174 1771 Par
212 1718 360 1787 operi
398 1718 563 1771 sedes.
637 1717 761 1770 hinc
801 1718 961 1770 obuia
999 1718 1185 1771 limina
1222 1718 1422 1787 pandit,

39 1790 173 1854 ‚Qui
210 1790 385 1845 fessus
423 1790 581 1844 bellis
621 1790 853 1843 adscitae
893 1809 1112 1844 munere
1151 1792 1318 1860 prolis

46 1862 279 1917 ,Primus
316 1864 420 1918 iter
456 1864 657 1918 nostris
698 1864 932 1917 ostendit
970 1866 1026 1916 in
1066 1866 1283 1918 aethera
1322 1866 1474 1920 diuis.

68 1935 307 1991 Discitur
345 1955 373 1991 e
411 1937 580 2006 uultu,
620 1940 880 2007 quantum
919 1940 978 1990 tu
1017 1939 1198 1991 mitior
1235 1940 1421 2007 armis,
1779 1952 1835 1993 25

70 2009 173 2073 Qui
210 2028 308 2064 nec
345 2011 404 2064 in
441 2013 687 2064 externos
725 2011 898 2064 facilis
937 2012 1140 2064 saeuire
1178 2012 1385 2066 furores

0 2078 1 2139 ἒ
69 2083 180 2137 Das
220 2081 392 2137 Cattis
430 2083 697 2154 Dacisque
739 2084 912 2137 fidem.
986 2088 1040 2137 te
1086 2085 1242 2155 signa
1279 2087 1482 2139 ferente

0 2193 3 2235 g
69 2156 144 2210 Et
179 2157 356 2211 minor
391 2157 449 2210 in
485 2158 631 2227 leges
670 2157 773 2210 iret
810 2175 973 2228 gener
1011 2162 1064 2211 et
1102 2157 1235 2212 Cato
1275 2160 1436 2228 pacis

71 2229 147 2283 At
183 2231 412 2284 laterum
450 2249 640 2300 passus
680 2231 805 2284 hinc
843 2231 981 2284 Iulia
1017 2235 1159 2285 tecta
1195 2235 1430 2300 tuentur,

69 2303 226 2356 Illinc
263 2303 504 2374 belligeri
543 2304 786 2357 sublimis
824 2305 974 2375 regia
1010 2304 1179 2359 Pauli.
1778 2321 1835 2360 30

20 2370 31 2434 ἓ
71 2376 249 2448 Terga
284 2379 439 2446 pater
474 2377 778 2446 blandoque
816 2378 963 2430 uidet
1000 2377 1298 2432 Concordia
1336 2380 1503 2433 uultu.

21 2445 193 2570 {Ipse
231 2452 411 2504 autem
448 2469 584 2520 puro
623 2451 823 2504 celsum
861 2454 1023 2520 caput
1060 2470 1180 2506 aere
1220 2455 1435 2522 saeptus

23 2571 45 2651 3

24 2648 46 2726 3*
191 2672 247 2712 10
286 2667 366 2711 Ide
404 2671 462 2712 A:
500 2667 609 2712 iden
649 2672 678 2711 G
707 2670 723 2725 ΙΙ
755 2673 807 2712 11
843 2668 1061 2714 discussis
1094 2674 1123 2714 ς
1147 2672 1163 2727 ΙΙ
1188 2676 1242 2715 18
1275 2685 1331 2715 ex
1361 2671 1506 2716 uastis
1535 2672 1722 2727 scripsi:
1757 2686 1834 2715 ex-

25 2700 47 2770 Ξ
69 2724 250 2771 haustis
287 2730 318 2769 0
339 2740 368 2770 a
404 2726 552 2772 exutis
590 2727 814 2771 Heinsius
843 2729 858 2782 ΙΙ
893 2732 949 2772 20
987 2741 1073 2772 nec
1111 2730 1243 2774 tanto
1279 2733 1439 2786 raptus
1470 2730 1717 2774 Geuartius
1739 2732 1755 2786 ΙΙ
1778 2735 1834 2775 23

26 2766 47 2846 Ξ
71 2783 277 2830 adscitae
309 2788 360 2829 3:
391 2785 607 2830 adsectae
640 2787 727 2842 (ita
757 2789 799 2840 a)
831 2787 903 2830 uel
934 2786 1145 2832 adsertae
1177 2793 1205 2830 c
1235 2790 1251 2844 ΙΙ
1276 2794 1330 2832 25
1362 2789 1567 2833 Discitur
1597 2793 1655 2831 A:
1687 2789 1836 2834 Discit

35 2846 48 2899 ξ
72 2844 120 2888 et
151 2844 296 2900 01127
330 2842 478 2888 Cattis
510 2847 562 2888 ⁴3:
595 2844 743 2900 captis
776 2850 847 2887 Ca
869 2847 884 2900 ΙΙ
907 2850 963 2890 28
994 2846 1120 2902 pacis
1149 2849 1313 2903 scripsi
1343 2849 1371 2891 l.
1398 2849 1425 2892 l.
1444 2862 1493 2903 p.
1520 2851 1642 2893 252³
1674 2848 1835 2893 cast-ris

34 2899 100 2962 20
118 2917 145 2944 a
173 2902 320 2947 iustas
351 2901 548 2947 Graccus
579 2906 732 2948 castus
763 2904 1030 2948 Bursianus
1731 2929 1734 2931 >
