2014 3164
673 213 983 259 SILUARUM
1015 213 1064 259 L.
1096 214 1130 271 1,
1162 218 1203 259 o.
1750 215 1821 269 33

318 333 538 390 Plebem
576 333 835 404 grandine
873 332 1111 386 concutit
1149 350 1353 387 serena.

321 406 498 462 Ducat
534 407 720 460 nubila
757 405 962 475 Iupiter
999 423 1094 475 per
1119 406 1316 467 ‘orbem
1362 415 1370 423 ⁶
1766 421 1821 461 25

318 478 394 534 Et
430 479 557 533 latis
595 479 805 549 pluuias
844 478 1076 532 minetur
1114 479 1280 548 agris,

319 552 462 607 Dum
499 553 675 606 nostri
711 551 859 605 Iouis
896 552 954 604 hi
993 552 1234 604 ferantur
1272 552 1487 607 imbres.

321 626 461 680 Ecce
502 628 680 679 autem
719 642 909 679 caueas
949 625 1096 678 subit
1134 642 1229 694 per
1267 626 1441 680 omnis

321 698 557 770 Insignis
597 699 769 768 specie
809 707 858 752 et
895 698 1088 751 decora
1126 698 1273 751 cultu

319 772 510 826 Plebes
549 772 740 840 altera,
777 789 885 825 non
926 772 1101 824 minor
1140 770 1370 825 sedente.
1769 786 1826 827 80

321 844 395 899 Hi
434 845 656 915 panaria
693 844 1048 914 candidasque
1087 862 1311 913 mappas

323 917 653 973 Subnectant
689 918 977 988 epulasque
1017 917 1297 987 lautiores3

319 990 406 1045 Illi
444 990 679 1045 marcida
715 992 844 1044 uina
881 991 1207 1060 largiuntur:

319 1064 509 1119 Idaeos
546 1064 770 1119 totidem
808 1067 963 1133 putes
1003 1063 1298 1117 ministros.

321 1137 542 1207 Orbem,
579 1156 685 1208 qua
722 1138 910 1191 melior
947 1138 1287 1207 seueriorque
1326 1139 1430 1206 est,
1771 1151 1827 1191 85

320 1210 402 1265 Et
433 1213 621 1282 gentes
660 1210 760 1264 alis
799 1210 1018 1264 insimul
1055 1213 1297 1281 togatas3

321 1283 396 1337 Et
433 1302 553 1338 cum
590 1286 674 1337 tot
710 1284 938 1354 populos
977 1284 1135 1337 beata
1172 1302 1385 1353 pascas,
1471 1288 1473 1290 ’

323 1357 507 1426 Hunc,
545 1357 803 1426 Annona,
843 1357 982 1410 diem
1022 1358 1254 1426 superba
1291 1357 1482 1411 nescis.

323 1430 350 1484 I
388 1448 529 1484 nunc
569 1431 780 1484 saecula
818 1448 1090 1499 compara,
1130 1429 1408 1499 Uetustas,

324 1503 551 1573 Antiqui
589 1503 734 1557 Iouis
775 1522 1097 1572 aureumque
1136 1506 1373 1572 tempus:
1772 1517 1831 1557 40

328 1575 455 1631 Non
494 1577 568 1630 sic
607 1577 776 1630 libera
813 1577 942 1629 uina
979 1580 1107 1629 tunc
1146 1577 1383 1629 fluebant

324 1650 438 1703 Nec
475 1650 686 1703 tardum
726 1667 878 1720 seges
918 1650 1214 1718 occupabat
1252 1667 1461 1704 aruum.

326 1722 450 1777 Una
487 1723 754 1777 uescimur
793 1723 967 1775 omnis
1009 1723 1137 1775 ordo
1177 1740 1382 1790 mensa,

24 1815 52 1867 a}
328 1795 446 1848 Mas
488 1798 542 1848 et
578 1794 796 1864 femina,
833 1796 986 1863 plebs
1026 1813 1186 1864 eques
1226 1798 1467 1849 senatus:

325 1869 568 1922 Libertas
605 1870 961 1921 reuerentiam
1000 1868 1223 1921 remisit.
1775 1882 1833 1922 45

327 1943 400 1995 Et
436 1945 497 1995 tu
536 1942 664 2012 quin
703 1942 866 1994 etiam
907 1940 1052 2011 (quis
1091 1941 1192 1995 hoc
1230 1959 1444 2012 rogare,

329 2015 460 2078 Quis
498 2016 810 2085 promittere
848 2015 1022 2084 possit
1059 2015 1160 2068 hoc
1199 2014 1481 2086 deorum‘?)

330 2088 623 2142 Nobiscum
663 2089 836 2141 socias
875 2088 1039 2158 dapes
1078 2088 1245 2140 inisti.

327 2162 444 2215 Iam
484 2179 554 2229 se,
593 2162 833 2231 quisquis
874 2161 919 2214 is
960 2164 1042 2214 est
1079 2161 1252 2231 inops,
1290 2161 1480 2214 beatus

330 2234 626 2290 Conuiuam
666 2234 812 2287 ducis
853 2253 967 2287 esse
1007 2235 1283 2305 gloriatur.
1779 2247 1836 2288 50

48 2351 61 2381 ἶ
330 2307 447 2362 Hos
485 2309 627 2361 inter
664 2308 907 2360 fremitus
946 2326 1221 2377 nouosque
1258 2309 1413 2361 luxus

55 2403 57 2405 ¹
335 2379 623 2451 Spectandi
660 2381 794 2434 leuis
834 2381 986 2433 affuit
1022 2382 1297 2450 uoluptas:

331 2454 435 2508 Hic
474 2473 630 2509 sexus
668 2454 815 2507 rudis
854 2454 1159 2524 insciusque
1197 2455 1325 2507 ferri

54 2412 58 2422 -
19 2377 22 2385 ’
31 2154 65 2352 .,;«;;κ.,.σ’.
26 1962 70 2142 §sa-⁴5³2
24 1860 27 1873 “
35 1786 39 1794 ·

49 2529 84 2580 ³,

186 2618 243 2659 24
274 2627 482 2659 serenam
514 2618 543 2657 c
567 2629 607 2670 a,
640 2627 755 2658 corr.
779 2613 1001 2657 Heinsius
1022 2614 1038 2670 ΙΙ
1061 2617 1116 2657 26
1149 2613 1286 2657 laetis
1320 2613 1544 2657 Morellus
1565 2613 1582 2668 ΙΙ
1605 2616 1660 2655 29
1685 2611 1838 2668 specie

28 2691 29 2717 ;
59 2675 121 2718 .et
150 2674 336 2729 scripsi:
369 2671 522 2730 specie
553 2676 591 2715 A
622 2672 795 2729 species
829 2676 857 2714 c
880 2673 895 2728 ΙΙ
919 2677 974 2715 36
1007 2672 1203 2716 insemel
1233 2675 1271 2714 A
1294 2677 1336 2726 c,
1369 2685 1483 2715 corr.
1518 2676 1547 2715 ς
1571 2673 1587 2726 ΙΙ
1610 2675 1666 2715 38
1691 2669 1841 2714 nescit

59 2736 100 2776 ,c
130 2747 172 2788 a,
203 2745 314 2776 corr.
348 2731 491 2775 Dom.
516 2732 532 2788 ss
563 2736 617 2776 42
650 2745 814 2775 aruum
844 2731 1031 2786 scripsi:
1070 2744 1240 2775 annum
1272 2735 1301 2773 c
1333 2732 1397 2787 au
1428 2735 1483 2774 43
1517 2730 1748 2774 nescimur
1777 2732 1839 2774 A:

30 2797 33 2851 ’Ἰ
58 2789 272 2836 <uescitur
301 2794 330 2833 c
359 2792 375 2846 ΙΙ
406 2794 463 2834 44
494 2790 592 2834 Mas
625 2791 674 2835 et
702 2790 887 2846 scripsi:
918 2788 1059 2833 Parui
1091 2794 1119 2837 c
1150 2805 1178 2832 a
1207 2792 1223 2847 ιΙ
1254 2794 1311 2833 46
1342 2790 1429 2834 hoc
1460 2802 1626 2845 rogare
1660 2792 1710 2832 ςε
1750 2787 1840 2832 hoc

60 2861 239 2901 Juocare
271 2853 300 2892 c
331 2850 474 2906 ι1152
506 2848 640 2894 affuit
668 2849 834 2905 scripsi
863 2849 892 2892 l.
925 2849 952 2893 l.
979 2861 1028 2905 p.
1061 2852 1179 2894 254:
1210 2848 1376 2906 effugit
1406 2853 1434 2890 c
1466 2849 1531 2903 an
1563 2852 1617 2891 53
1649 2846 1738 2891 Hic
1767 2847 1841 2892 uel

34 2943 35 2946 η
62 2905 171 2968 Hac
199 2908 364 2964 scripsi
394 2908 422 2952 l.
455 2907 509 2952 L:
541 2907 646 2952 Stat
676 2913 705 2950 c
737 2923 764 2955 a

160 2988 299 3022 Suu-1²11
332 2988 494 3023 smum.
1459 2985 1485 3023 3
