2014 3164
175 198 279 250 112
780 193 828 239 Ρ.
860 192 1088 236 PAPINII
1117 191 1319 236 STATII

435 314 570 369 Cum
605 317 667 366 tu
706 311 903 364 sodalis
943 311 1092 363 dulce
1128 311 1422 379 periculum
1878 328 1932 367 25

435 388 662 442 Conisus
703 384 851 437 omni
887 387 1102 452 pectore
1139 385 1370 453 tolleres,

521 459 598 512 Ut
636 457 828 512 Castor
867 458 933 509 ad
972 459 1190 509 cunctos
1228 458 1494 510 tremebat

609 531 899 599 Bebryciae
938 531 1167 598 crepitus
1205 529 1460 584 habenae.

434 692 578 747 Tene
615 692 672 744 in
708 691 929 743 remotis
970 689 1220 757 Syrtibus
1259 691 1380 743 auia

434 765 618 835 Leptis
657 763 899 817 creauit?
961 764 1069 815 iam
1107 763 1244 816 feret
1281 764 1493 818 Indicas
1882 781 1937 821 30

522 839 724 891 Messes
764 837 1103 905 odoratisque
1142 855 1265 889 rara

612 910 875 964 Cinnama
911 910 1198 978 praeripiet
1235 908 1469 964 Sabaeis,

437 1073 568 1137 Quis
605 1090 716 1124 non.
752 1072 811 1123 in
850 1071 998 1123 omni
1034 1070 1232 1122 uertice
1270 1070 1486 1123 Romuli

439 1147 699 1215 Reptasse
739 1145 947 1195 dulcem
987 1141 1309 1211 Septimium
1346 1147 1536 1212 putet?

530 1219 659 1280 Quis
698 1217 848 1268 fonte
887 1215 1142 1268 Iuturnae
1180 1216 1383 1269 relictis
1886 1234 1940 1274 35

615 1290 882 1344 Uberibus
922 1292 1083 1358 neget
1120 1306 1234 1342 esse
1273 1290 1523 1358 pastum?

438 1452 552 1506 Nec
590 1452 728 1503 mira
765 1452 960 1504 uirtus:
998 1451 1244 1519 protinus
1283 1451 1562 1505 Ausonum

440 1527 638 1579 Portus
676 1524 910 1576 uadosae
948 1524 1160 1576 nescius
1199 1524 1416 1577 Africae

528 1598 707 1651 Intras
748 1597 1138 1666 adoptatusque
1179 1597 1366 1650 Tuscis

617 1670 931 1739 Gurgitibus
970 1689 1101 1740 puer
1138 1670 1411 1724 innatasti.
1888 1689 1943 1729 40

444 1817 583 1871 Hinc
621 1837 819 1887 paruus
859 1819 1002 1870 inter
1038 1817 1267 1886 pignora
1305 1817 1480 1870 curiae

443 1891 738 1945 Contentus
778 1896 922 1944 artae
959 1891 1157 1942 lumine
1195 1908 1459 1958 purpurae

532 1963 754 2034 CresciS‚
794 1965 885 2017 sed
922 1965 1210 2016 immensos
1248 1964 1459 2016 labores

621 2037 808 2090 Indole
847 2037 1074 2106 patricia
1111 2039 1337 2089 secutus

444 2183 570 2237 Non
609 2202 782 2237 sermo
822 2183 1049 2252 Poenus,
1089 2201 1200 2235 non
1236 2182 1455 2236 habitus
1492 2184 1609 2253 tibi,
1889 2200 1945 2240 45

445 2257 682 2310 Externa
719 2275 830 2310 non
868 2275 1041 2309 mens:
1080 2256 1261 2325 Italus,
1298 2255 1483 2310 ItaluS.

535 2330 671 2384 Sunt
708 2331 839 2382 urbe
878 2330 1239 2399 Romanisque
1277 2330 1484 2395 turmis,

625 2403 726 2466 Qui
764 2403 993 2472 Libyam
1033 2404 1253 2456 deceant
1292 2403 1508 2456 alumni.

301 2642 358 2681 26
388 2636 585 2692 pelleres
616 2635 839 2679 Heinsius
861 2636 876 2690 ΙΙ
901 2638 955 2678 28
989 2634 1210 2691 strepitus
1242 2635 1479 2690 (marenae
1511 2640 1540 2676 0
1565 2651 1604 2686 a,
1637 2648 1751 2681 corr.
1784 2636 1946 2682 Schra—

181 2698 317 2741 derus
338 2697 353 2752 ΙΙ
378 2700 433 2740 38
465 2694 651 2739 dolosae
684 2695 856 2738 Markl.
885 2695 891 2749 1
919 2693 1098 2737 nescius
1122 2695 1379 2737 Auautius:
1409 2694 1585 2738 nesciet
1609 2699 1637 2736 G
1662 2710 1689 2737 a.
1711 2697 1726 2751 ss
1749 2700 1804 2739 41
1830 2696 1946 2741 Hinc

185 2759 213 2799 ς
247 2770 293 2798 a:
326 2754 412 2798 Hic
444 2757 473 2795 c
501 2755 506 2809 Ι
534 2755 662 2797 artae
693 2753 1018 2796 Burmannus:
1047 2765 1130 2796 om.
1162 2751 1225 2794 A*
1249 2756 1277 2794 c
1309 2753 1409 2796 arto
1437 2752 1674 2797 Twuebus
1696 2755 1789 2810 1147
1812 2755 1948 2800 turbe

183 2818 212 2856 c
245 2829 286 2869 a,
319 2826 432 2857 corr.
466 2815 495 2856 ς
533 2814 549 2869 ΙΙ
587 2815 643 2856 48
675 2813 869 2856 deceant
900 2816 948 2854 c:
989 2811 1186 2854 doceant
1217 2815 1245 2855 ς
1278 2825 1306 2853 a
1342 2811 1562 2856 decorant
1593 2813 1791 2868 Markl.,
1820 2818 1962 2870 recte„

184 2877 236 2916 ut
262 2876 374 2928 puto
