2014 3164
604 270 627 291 ,
685 223 997 270 sammon
1027 225 1079 271 L.
1111 224 1168 279 11,
1199 227 1241 269 5.
1774 224 1846 276 55

81 344 156 398 Et
191 346 380 398 tenues
418 342 661 398 Arabum
697 344 968 413 respirant
1004 343 1244 413 gramine
1282 343 1500 411 plumae
1726 308 1745 324 ι
1790 356 1846 396 35

46 472 49 474 ,
84 415 414 487 Sicaniisque
451 417 644 486 crocis3
685 417 834 470 senio
872 433 971 469 nec
1007 415 1183 469 fessus
1222 416 1383 469 inerti

56 488 307 544 Scandit
344 489 596 545 odoratos
634 489 876 544 Phoenix
912 488 1119 543 felicior
1155 488 1343 559 ignes?

930 677 996 732 V.

696 793 814 839 LEO
845 791 1227 839 MANSUETUS.

46 947 47 950 ,
80 896 217 962 Quid
254 897 356 952 tibi
393 900 667 952 constrata
705 915 1074 952 mansuescere
1114 897 1317 967 profuit
1354 895 1471 951 ira?

80 970 220 1035 Quid
258 971 429 1026 scelus
466 971 834 1041 humanasque
874 971 1055 1025 animo
1095 971 1360 1025 dediscere
1401 971 1585 1024 caedes

48 1043 473 1115 ‚Imperiumque
511 1045 626 1114 pati
665 1048 720 1097 et
756 1044 972 1099 domino
1011 1062 1201 1114 parere
1240 1044 1471 1097 minori?

81 1117 233 1187 Quid,
271 1117 414 1188 quod
452 1117 599 1172 abire
639 1117 798 1172 domo
837 1136 1123 1188 rursusque
1161 1118 1219 1172 in
1258 1118 1491 1171 claustra
1527 1119 1724 1171 reuerti

81 1189 276 1245 Suetus
316 1193 372 1244 et
409 1209 442 1244 a
479 1194 639 1260 capta
675 1191 784 1243 iam
823 1194 1014 1260 sponte
1052 1190 1295 1244 recedere
1332 1191 1531 1259 praeda
1820 1205 1846 1245 5

78 1262 422 1335 Insertasque
460 1282 652 1318 manus
692 1264 815 1318 laxo
855 1264 1123 1318 dimittere
1163 1264 1383 1318 morsu?

79 1336 304 1407 Occidis,
342 1337 574 1391 altarum
612 1340 856 1390 uastator
894 1337 1048 1391 docte
1086 1338 1337 1405 ferarum,

78 1409 204 1464 Non
242 1427 406 1482 grege
443 1409 684 1481 Massylo
722 1428 989 1480 curuaque
1028 1410 1279 1480 indagine
1318 1411 1545 1478 clausuS,

44 1522 45 1527 =
77 1482 205 1538 Non
241 1483 529 1538 formidato
569 1501 731 1554 supra
767 1484 1033 1537 uenabula
1070 1484 1212 1537 saltu

77 1555 285 1611 Incitus
323 1559 419 1611 aut
456 1574 614 1612 caeco
652 1557 839 1611 foueae
878 1557 1131 1626 deceptus
1170 1557 1345 1626 hiatu,
1792 1572 1845 1612 10

79 1628 183 1684 Sed
219 1630 395 1684 uictus
433 1629 674 1701 fugiente
712 1630 842 1683 fera.
918 1633 1028 1683 stat
1066 1630 1279 1684 cardine
1319 1634 1504 1699 aperto

0 1700 1 1766 J
77 1703 275 1757 Infelix
313 1721 492 1772 cauea,
531 1706 586 1756 et
623 1703 819 1757 clausis
859 1703 1058 1756 circum
1094 1703 1332 1773 undique
1370 1705 1542 1772 portis

77 1775 196 1831 Hoc
233 1776 448 1830 licuisse
484 1776 640 1830 nefas
677 1776 852 1829 rabidi
889 1779 1132 1829 tumuere
1170 1776 1365 1830 leones.

48 1849 217 1903 ·Tum
254 1849 462 1903 cunctis
499 1849 734 1923 cecidere
772 1850 944 1918 iuba‘e,
981 1850 1274 1919 puduitque
1312 1850 1543 1903 relatum

80 1921 347 1993 Aspicere,
384 1924 439 1976 et
474 1924 621 1977 totas
660 1922 854 1976 duxere
892 1923 952 1976 in
989 1923 1196 1975 lumina
1231 1923 1453 1976 frontes.
1792 1938 1845 1978 15

78 1995 154 2048 At
190 2013 303 2050 non
339 1998 395 2049 te
432 1996 607 2065 primo
637 1995 819 2050 fusum
856 2014 1030 2050 nouus
1070 1996 1252 2050 obruit
1288 1997 1399 2050 ictu

78 2068 175 2122 Ille
213 2068 408 2138 pudor:
447 2087 692 2123 mansere
731 2070 911 2137 animi,
948 2070 1225 2139 uirtusque
1265 2070 1477 2123 cadenti

76 2141 128 2196 A
163 2143 342 2196 media
378 2142 489 2196 iam
525 2145 699 2196 morte
736 2143 890 2212 redit,
927 2161 1026 2196 nec
1062 2143 1310 2213 protinus
1349 2161 1534 2196 omnes

79 2214 256 2286 Terga
293 2215 485 2269 dedere
524 2216 715 2268 minae.
792 2216 932 2269 sicut
970 2216 1074 2270 sibi
1113 2216 1355 2270 conscius
1394 2217 1490 2269 alti

77 2287 331 2342 Uulneris
371 2289 654 2342 aduersum
692 2289 926 2342 moriens
964 2289 1010 2342 it
1045 2290 1198 2342 miles
1238 2290 1295 2342 in
1331 2289 1548 2343 hostem
1788 2304 1844 2344 20

0 2426 1 2434 ἵ
77 2360 402 2432 Attollitque
440 2379 661 2415 manum
699 2365 754 2415 et
789 2362 933 2416 ferro
971 2363 1187 2416 labente
1228 2363 1488 2416 minatur:

0 2435 1 2441 ’
78 2433 166 2489 Sic
203 2435 357 2506 piger
392 2435 484 2488 ille
523 2434 693 2506 gradu
731 2436 998 2505 solitoque
1037 2439 1226 2489 exutus
1264 2436 1468 2491 honore

0 2718 2 2753 Ι
193 2686 250 2726 37
283 2681 484 2726 Scandet
513 2686 543 2724 0
573 2697 602 2726 a

0 2766 23 2783 ψ
193 2739 248 2783 V.
282 2744 306 2784 1
338 2741 594 2785 monstrata
622 2744 654 2784 0
683 2754 724 2795 a,
755 2754 870 2786 corr.
903 2740 1036 2786 Dom.
1060 2742 1126 2798 116
1157 2742 1351 2786 insertas
1355 2756 1443 2799 que
1479 2746 1509 2786 ς
1541 2758 1588 2786 a:
1620 2742 1841 2786 incertas-

77 2811 166 2854 que
190 2798 335 2854 01112
368 2798 546 2843 clausas
577 2823 632 2832 —-
663 2802 823 2856 portas
856 2805 885 2842 0
916 2815 958 2855 a,
989 2813 1103 2846 corr
1122 2800 1316 2845 Guietus
1337 2758 1385 2858 {lq
1378 2807 1431 2845 13
1456 2800 1607 2844 rabidi
1630 2803 1840 2844 tumuere

74 2857 261 2913 scripsi:
305 2856 480 2914 placidi
522 2857 721 2902 timuere
764 2863 793 2900 0
838 2874 866 2901 a
911 2858 1081 2915 pauido
1128 2872 1344 2916 gemuere
1393 2860 1566 2903 Markl.
1614 2859 1840 2904 fremuere

74 2915 296 2960 Heinsius
316 2917 333 2972 ΙΙ
358 2920 413 2960 15
441 2918 600 2961 toruas
633 2917 807 2961 Markl.
830 2918 848 2974 ΙΙ
873 2922 926 2962 16
956 2919 1020 2961 At
1048 2921 1106 2960 A:
1139 2919 1206 2962 Ac
1237 2923 1266 2960 0
