<?xml version="1.0" encoding="UTF-8"?>
<!DOCTYPE html PUBLIC "-//W3C//DTD XHTML 1.0 Transitional//EN"
    "http://www.w3.org/TR/xhtml1/DTD/xhtml1-transitional.dtd">
<html xmlns="http://www.w3.org/1999/xhtml" xml:lang="en" lang="en">
 <head>
  <title>
</title>
<meta http-equiv="Content-Type" content="text/html;charset=utf-8" />
  <meta name='ocr-system' content='tesseract 3.04.00' />
  <meta name='ocr-capabilities' content='ocr_page ocr_carea ocr_par ocr_line ocrx_word'/>
</head>
<body>
  <div class='ocr_page' id='page_1' title='image "./operapapinius01statuoft_0147.png"; bbox 0 0 2014 3164; ppageno 0'>
   <div class='ocr_carea' id='block_1_1' title="bbox 701 202 1859 260">
    <p class='ocr_par' dir='ltr' id='par_1_1' title="bbox 701 202 1859 260">
     <span class='ocr_line' id='line_1_1' title="bbox 701 202 1859 260; baseline 0 -12"><span class='ocrx_word' id='word_1_1' title='bbox 701 202 1009 249; x_wconf 84' lang='lat' dir='ltr'><strong>SILUARUM</strong></span> <span class='ocrx_word' id='word_1_2' title='bbox 1038 203 1089 248; x_wconf 91' lang='lat' dir='ltr'><strong>L.</strong></span> <span class='ocrx_word' id='word_1_3' title='bbox 1121 203 1200 260; x_wconf 87' lang='lat' dir='ltr'><strong>IV,</strong></span> <span class='ocrx_word' id='word_1_4' title='bbox 1232 207 1272 249; x_wconf 91' lang='lat'><strong>8.</strong></span> <span class='ocrx_word' id='word_1_5' title='bbox 1757 204 1859 257; x_wconf 80' lang='lat'><strong>121</strong></span> 
     </span>
    </p>
   </div>
   <div class='ocr_carea' id='block_1_2' title="bbox 31 321 1866 611">
    <p class='ocr_par' dir='ltr' id='par_1_2' title="bbox 39 321 1866 464">
     <span class='ocr_line' id='line_1_2' title="bbox 52 321 1866 405; baseline 0.001 -30"><span class='ocrx_word' id='word_1_6' title='bbox 52 349 54 357; x_wconf 86' lang='lat'><em>·</em></span> <span class='ocrx_word' id='word_1_7' title='bbox 97 321 290 394; x_wconf 88' lang='lat' dir='ltr'><strong>Macte,</strong></span> <span class='ocrx_word' id='word_1_8' title='bbox 328 322 470 395; x_wconf 90' lang='lat' dir='ltr'><strong>quod</strong></span> <span class='ocrx_word' id='word_1_9' title='bbox 508 325 564 375; x_wconf 90' lang='lat' dir='ltr'><strong>et</strong></span> <span class='ocrx_word' id='word_1_10' title='bbox 599 322 779 391; x_wconf 89' lang='lat' dir='ltr'><strong>proles</strong></span> <span class='ocrx_word' id='word_1_11' title='bbox 815 321 917 375; x_wconf 89' lang='lat' dir='ltr'><strong>tibi</strong></span> <span class='ocrx_word' id='word_1_12' title='bbox 956 322 1167 405; x_wconf 89' lang='lat' dir='ltr'><strong>saepius</strong></span> <span class='ocrx_word' id='word_1_13' title='bbox 1206 326 1364 376; x_wconf 86' lang='lat' dir='ltr'><strong>aucta</strong></span> <span class='ocrx_word' id='word_1_14' title='bbox 1400 323 1570 377; x_wconf 90' lang='lat' dir='ltr'><strong>uirilis</strong></span> <span class='ocrx_word' id='word_1_15' title='bbox 1808 336 1866 377; x_wconf 77' lang='lat'><strong>25</strong></span> 
     </span>
     <span class='ocr_line' id='line_1_3' title="bbox 39 365 1423 464; baseline 0.001 -16"><span class='ocrx_word' id='word_1_16' title='bbox 39 409 42 430; x_wconf 87' lang='lat'><strong>·</strong></span> <span class='ocrx_word' id='word_1_17' title='bbox 95 365 326 451; x_wconf 89' lang='lat' dir='ltr'><strong>Roboris</strong></span> <span class='ocrx_word' id='word_1_18' title='bbox 371 398 427 450; x_wconf 89' lang='lat' dir='ltr'><strong>et</strong></span> <span class='ocrx_word' id='word_1_19' title='bbox 461 396 644 449; x_wconf 90' lang='lat' dir='ltr'><strong>iuueni</strong></span> <span class='ocrx_word' id='word_1_20' title='bbox 680 395 983 449; x_wconf 75' lang='lat' dir='ltr'><strong>laetandast</strong></span> <span class='ocrx_word' id='word_1_21' title='bbox 1017 395 1171 464; x_wconf 87' lang='lat' dir='ltr'><strong>uirgo</strong></span> <span class='ocrx_word' id='word_1_22' title='bbox 1210 396 1423 464; x_wconf 86' lang='lat' dir='ltr'><strong>parenti</strong></span> 
     </span>
    </p>

    <p class='ocr_par' dir='ltr' id='par_1_3' title="bbox 31 466 1482 546">
     <span class='ocr_line' id='line_1_4' title="bbox 31 466 1482 546; baseline 0.001 -25"><span class='ocrx_word' id='word_1_23' title='bbox 31 487 61 546; x_wconf 47' lang='grc' dir='ltr'><strong>ῃ]</strong></span> <span class='ocrx_word' id='word_1_24' title='bbox 97 466 318 538; x_wconf 87' lang='lat' dir='ltr'><strong>(Aptior</strong></span> <span class='ocrx_word' id='word_1_25' title='bbox 355 468 440 522; x_wconf 91' lang='lat' dir='ltr'><strong>his</strong></span> <span class='ocrx_word' id='word_1_26' title='bbox 478 469 665 535; x_wconf 87' lang='lat' dir='ltr'><strong>uirtus,</strong></span> <span class='ocrx_word' id='word_1_27' title='bbox 703 469 860 522; x_wconf 91' lang='lat' dir='ltr'><strong>citius</strong></span> <span class='ocrx_word' id='word_1_28' title='bbox 899 468 1050 522; x_wconf 90' lang='lat' dir='ltr'><strong>dabit</strong></span> <span class='ocrx_word' id='word_1_29' title='bbox 1086 468 1180 520; x_wconf 88' lang='lat' dir='ltr'><strong>illa</strong></span> <span class='ocrx_word' id='word_1_30' title='bbox 1217 467 1482 539; x_wconf 89' lang='lat' dir='ltr'><strong>nepotes),</strong></span> 
     </span>
    </p>

    <p class='ocr_par' dir='ltr' id='par_1_4' title="bbox 97 539 1495 611">
     <span class='ocr_line' id='line_1_5' title="bbox 97 539 1495 611; baseline 0.001 -17"><span class='ocrx_word' id='word_1_31' title='bbox 97 539 282 604; x_wconf 88' lang='lat' dir='ltr'><strong>Qualis</strong></span> <span class='ocrx_word' id='word_1_32' title='bbox 320 541 578 596; x_wconf 77' lang='lat' dir='ltr'><strong>maternis</strong></span> <span class='ocrx_word' id='word_1_33' title='bbox 616 540 822 595; x_wconf 82' lang='lat' dir='ltr'>Helene</span> <span class='ocrx_word' id='word_1_34' title='bbox 860 542 969 595; x_wconf 88' lang='lat' dir='ltr'><strong>iam</strong></span> <span class='ocrx_word' id='word_1_35' title='bbox 1007 541 1172 611; x_wconf 86' lang='lat' dir='ltr'><strong>digna</strong></span> <span class='ocrx_word' id='word_1_36' title='bbox 1209 542 1495 611; x_wconf 81' lang='lat' dir='ltr'><strong>palaestris</strong></span> 
     </span>
    </p>
   </div>
   <div class='ocr_carea' id='block_1_3' title="bbox 28 611 1867 759">
    <p class='ocr_par' dir='ltr' id='par_1_5' title="bbox 28 611 1867 759">
     <span class='ocr_line' id='line_1_6' title="bbox 28 611 1407 685; baseline 0.001 -18"><span class='ocrx_word' id='word_1_37' title='bbox 28 611 57 678; x_wconf 56' lang='grc' dir='ltr'><strong>’ῃ</strong></span> <span class='ocrx_word' id='word_1_38' title='bbox 93 613 242 668; x_wconf 89' lang='lat' dir='ltr'><strong>Inter</strong></span> <span class='ocrx_word' id='word_1_39' title='bbox 277 614 602 685; x_wconf 85' lang='lat' dir='ltr'><strong>Amyclaeos</strong></span> <span class='ocrx_word' id='word_1_40' title='bbox 640 615 889 684; x_wconf 87' lang='lat' dir='ltr'><strong>reptabat</strong></span> <span class='ocrx_word' id='word_1_41' title='bbox 926 614 1153 668; x_wconf 85' lang='lat' dir='ltr'><strong>candida</strong></span> <span class='ocrx_word' id='word_1_42' title='bbox 1190 613 1407 684; x_wconf 80' lang='lat' dir='ltr'><strong>fratres3</strong></span> 
     </span>
     <span class='ocr_line' id='line_1_7' title="bbox 30 685 1867 759; baseline 0.002 -19"><span class='ocrx_word' id='word_1_43' title='bbox 30 707 35 715; x_wconf 44' lang='lat'><strong>‘¹</strong></span> <span class='ocrx_word' id='word_1_44' title='bbox 93 685 198 740; x_wconf 88' lang='lat' dir='ltr'><strong>Uel</strong></span> <span class='ocrx_word' id='word_1_45' title='bbox 238 688 411 759; x_wconf 89' lang='lat' dir='ltr'><strong>qualis</strong></span> <span class='ocrx_word' id='word_1_46' title='bbox 451 688 585 742; x_wconf 89' lang='lat' dir='ltr'><strong>caeli</strong></span> <span class='ocrx_word' id='word_1_47' title='bbox 622 688 802 756; x_wconf 90' lang='lat' dir='ltr'><strong>facies,</strong></span> <span class='ocrx_word' id='word_1_48' title='bbox 840 688 933 741; x_wconf 92' lang='lat' dir='ltr'><strong>ubi</strong></span> <span class='ocrx_word' id='word_1_49' title='bbox 970 691 1127 741; x_wconf 91' lang='lat' dir='ltr'><strong>nocte</strong></span> <span class='ocrx_word' id='word_1_50' title='bbox 1167 705 1356 741; x_wconf 88' lang='lat' dir='ltr'><strong>serena</strong></span> <span class='ocrx_word' id='word_1_51' title='bbox 1806 703 1867 743; x_wconf 82' lang='grc'><strong>30</strong></span> 
     </span>
    </p>
   </div>
   <div class='ocr_carea' id='block_1_4' title="bbox 28 759 1399 815">
    <p class='ocr_par' dir='ltr' id='par_1_6' title="bbox 28 759 1399 815">
     <span class='ocr_line' id='line_1_8' title="bbox 28 759 1399 815; baseline -0.001 -1"><span class='ocrx_word' id='word_1_52' title='bbox 28 766 33 803; x_wconf 72' lang='lat' dir='ltr'><strong>l</strong></span> <span class='ocrx_word' id='word_1_53' title='bbox 50 778 57 798; x_wconf 71' lang='lat'><em>2</em></span> <span class='ocrx_word' id='word_1_54' title='bbox 92 759 396 815; x_wconf 83' lang='lat' dir='ltr'><strong>Admonere</strong></span> <span class='ocrx_word' id='word_1_55' title='bbox 432 761 589 814; x_wconf 89' lang='lat' dir='ltr'><strong>iubar</strong></span> <span class='ocrx_word' id='word_1_56' title='bbox 625 761 829 814; x_wconf 87' lang='lat' dir='ltr'><strong>mediae</strong></span> <span class='ocrx_word' id='word_1_57' title='bbox 868 760 972 814; x_wconf 91' lang='lat' dir='ltr'><strong>duo</strong></span> <span class='ocrx_word' id='word_1_58' title='bbox 1013 761 1188 814; x_wconf 89' lang='lat' dir='ltr'><strong>sidera</strong></span> <span class='ocrx_word' id='word_1_59' title='bbox 1224 761 1399 814; x_wconf 89' lang='lat' dir='ltr'><strong>lunae.</strong></span> 
     </span>
    </p>
   </div>
   <div class='ocr_carea' id='block_1_5' title="bbox 18 830 1870 2220">
    <p class='ocr_par' dir='ltr' id='par_1_7' title="bbox 27 830 1724 904">
     <span class='ocr_line' id='line_1_9' title="bbox 50 830 1724 904; baseline 0.001 -17.973"><span class='ocrx_word' id='word_1_60' title='bbox 50 895 54 900; x_wconf 41' lang='grc'>,</span> <span class='ocrx_word' id='word_1_61' title='bbox 95 830 196 887; x_wconf 87' lang='lat' dir='ltr'><strong>Sed</strong></span> <span class='ocrx_word' id='word_1_62' title='bbox 235 851 430 904; x_wconf 89' lang='lat' dir='ltr'><strong>queror</strong></span> <span class='ocrx_word' id='word_1_63' title='bbox 464 833 610 888; x_wconf 90' lang='lat' dir='ltr'><strong>haud</strong></span> <span class='ocrx_word' id='word_1_64' title='bbox 646 833 846 901; x_wconf 81' lang='lat' dir='ltr'><strong>faciles,</strong></span> <span class='ocrx_word' id='word_1_65' title='bbox 883 835 1139 887; x_wconf 90' lang='lat' dir='ltr'><strong>iuuenum</strong></span> <span class='ocrx_word' id='word_1_66' title='bbox 1178 835 1466 903; x_wconf 86' lang='lat' dir='ltr'><strong>carissime,</strong></span> <span class='ocrx_word' id='word_1_67' title='bbox 1504 839 1724 904; x_wconf 90' lang='lat' dir='ltr'><strong>questus</strong></span> 
     </span>
    </p>

    <p class='ocr_par' dir='ltr' id='par_1_8' title="bbox 28 905 1561 977">
     <span class='ocr_line' id='line_1_10' title="bbox 28 905 1561 977; baseline 0.001 -17"><span class='ocrx_word' id='word_1_68' title='bbox 28 910 35 922; x_wconf 63' lang='lat'>²</span> <span class='ocrx_word' id='word_1_69' title='bbox 91 905 403 977; x_wconf 90' lang='lat' dir='ltr'><strong>Irascorque</strong></span> <span class='ocrx_word' id='word_1_70' title='bbox 442 906 621 976; x_wconf 90' lang='lat' dir='ltr'><strong>etiam,</strong></span> <span class='ocrx_word' id='word_1_71' title='bbox 659 909 920 977; x_wconf 87' lang='lat' dir='ltr'><strong>quantum</strong></span> <span class='ocrx_word' id='word_1_72' title='bbox 958 907 1265 961; x_wconf 90' lang='lat' dir='ltr'><strong>irascuntur</strong></span> <span class='ocrx_word' id='word_1_73' title='bbox 1305 911 1561 961; x_wconf 86' lang='lat' dir='ltr'><strong>amantes.</strong></span> 
     </span>
    </p>

    <p class='ocr_par' dir='ltr' id='par_1_9' title="bbox 20 977 1345 1051">
     <span class='ocr_line' id='line_1_11' title="bbox 93 977 1345 1051; baseline -0.002 -14.165"><span class='ocrx_word' id='word_1_74' title='bbox 93 977 339 1034; x_wconf 88' lang='lat' dir='ltr'><strong>Tantane</strong></span> <span class='ocrx_word' id='word_1_75' title='bbox 376 997 461 1034; x_wconf 88' lang='lat' dir='ltr'><strong>me</strong></span> <span class='ocrx_word' id='word_1_76' title='bbox 500 979 676 1033; x_wconf 82' lang='lat' dir='ltr'><strong>decuit</strong></span> <span class='ocrx_word' id='word_1_77' title='bbox 713 980 927 1051; x_wconf 89' lang='lat' dir='ltr'><strong>uulgari</strong></span> <span class='ocrx_word' id='word_1_78' title='bbox 966 980 1161 1050; x_wconf 83' lang='lat' dir='ltr'><strong>gaudia</strong></span> <span class='ocrx_word' id='word_1_79' title='bbox 1198 981 1345 1034; x_wconf 85' lang='lat' dir='ltr'><strong>fama</strong></span> 
     </span>
    </p>

    <p class='ocr_par' dir='ltr' id='par_1_10' title="bbox 22 1051 1868 1196">
     <span class='ocr_line' id='line_1_12' title="bbox 31 1051 1868 1123; baseline 0.002 -17"><span class='ocrx_word' id='word_1_80' title='bbox 31 1063 55 1122; x_wconf 64' lang='lat'><strong>⁷1</strong></span> <span class='ocrx_word' id='word_1_81' title='bbox 91 1051 363 1107; x_wconf 75' lang='lat' dir='ltr'><strong>Noscere‘?</strong></span> <span class='ocrx_word' id='word_1_82' title='bbox 403 1071 627 1123; x_wconf 90' lang='lat' dir='ltr'><strong>cumque</strong></span> <span class='ocrx_word' id='word_1_83' title='bbox 663 1053 765 1107; x_wconf 94' lang='lat' dir='ltr'><strong>tibi</strong></span> <span class='ocrx_word' id='word_1_84' title='bbox 803 1053 1012 1123; x_wconf 86' lang='lat' dir='ltr'><strong>uagiret</strong></span> <span class='ocrx_word' id='word_1_85' title='bbox 1047 1054 1241 1107; x_wconf 91' lang='lat' dir='ltr'><strong>tertius</strong></span> <span class='ocrx_word' id='word_1_86' title='bbox 1279 1054 1477 1123; x_wconf 89' lang='lat' dir='ltr'><strong>infans,</strong></span> <span class='ocrx_word' id='word_1_87' title='bbox 1809 1069 1868 1109; x_wconf 78' lang='lat'><strong>35</strong></span> 
     </span>
     <span class='ocr_line' id='line_1_13' title="bbox 22 1124 1357 1196; baseline 0 -17"><span class='ocrx_word' id='word_1_88' title='bbox 22 1136 55 1149; x_wconf 85' lang='grc'><strong>’</strong></span> <span class='ocrx_word' id='word_1_89' title='bbox 91 1124 345 1180; x_wconf 88' lang='lat' dir='ltr'><strong>Protinus</strong></span> <span class='ocrx_word' id='word_1_90' title='bbox 385 1126 594 1196; x_wconf 82' lang='lat' dir='ltr'><strong>ingenti</strong></span> <span class='ocrx_word' id='word_1_91' title='bbox 634 1144 744 1180; x_wconf 94' lang='lat' dir='ltr'><strong>non</strong></span> <span class='ocrx_word' id='word_1_92' title='bbox 782 1127 933 1179; x_wconf 89' lang='lat' dir='ltr'><strong>uenit</strong></span> <span class='ocrx_word' id='word_1_93' title='bbox 969 1128 1162 1180; x_wconf 87' lang='lat' dir='ltr'><strong>nuntia</strong></span> <span class='ocrx_word' id='word_1_94' title='bbox 1199 1145 1357 1180; x_wconf 90' lang='lat' dir='ltr'><strong>cursu</strong></span> 
     </span>
    </p>

    <p class='ocr_par' dir='ltr' id='par_1_11' title="bbox 21 1197 1497 1269">
     <span class='ocr_line' id='line_1_14' title="bbox 21 1197 1497 1269; baseline 0.001 -18"><span class='ocrx_word' id='word_1_95' title='bbox 21 1215 30 1252; x_wconf 56' lang='grc' dir='ltr'><em>ι</em></span> <span class='ocrx_word' id='word_1_96' title='bbox 92 1197 316 1268; x_wconf 85' lang='lat' dir='ltr'><strong>Littera,</strong></span> <span class='ocrx_word' id='word_1_97' title='bbox 354 1217 489 1269; x_wconf 88' lang='lat' dir='ltr'><strong>quae</strong></span> <span class='ocrx_word' id='word_1_98' title='bbox 526 1199 696 1253; x_wconf 88' lang='lat' dir='ltr'><strong>festos</strong></span> <span class='ocrx_word' id='word_1_99' title='bbox 735 1200 1006 1253; x_wconf 88' lang='lat' dir='ltr'><strong>cumulare</strong></span> <span class='ocrx_word' id='word_1_100' title='bbox 1045 1200 1307 1253; x_wconf 89' lang='lat' dir='ltr'><strong>altaribus</strong></span> <span class='ocrx_word' id='word_1_101' title='bbox 1344 1201 1497 1269; x_wconf 89' lang='lat' dir='ltr'><strong>ignes</strong></span> 
     </span>
    </p>

    <p class='ocr_par' dir='ltr' id='par_1_12' title="bbox 18 1270 1484 1342">
     <span class='ocr_line' id='line_1_15' title="bbox 18 1270 1484 1342; baseline 0 -16"><span class='ocrx_word' id='word_1_102' title='bbox 18 1318 50 1333; x_wconf 76' lang='grc'><strong>,.</strong></span> <span class='ocrx_word' id='word_1_103' title='bbox 91 1270 166 1326; x_wconf 84' lang='lat' dir='ltr'><strong>Et</strong></span> <span class='ocrx_word' id='word_1_104' title='bbox 202 1272 450 1326; x_wconf 90' lang='lat' dir='ltr'><strong>redimire</strong></span> <span class='ocrx_word' id='word_1_105' title='bbox 490 1272 684 1342; x_wconf 91' lang='lat' dir='ltr'><strong>chelyn</strong></span> <span class='ocrx_word' id='word_1_106' title='bbox 721 1276 1008 1342; x_wconf 85' lang='lat' dir='ltr'><strong>postesque</strong></span> <span class='ocrx_word' id='word_1_107' title='bbox 1048 1291 1237 1326; x_wconf 89' lang='lat' dir='ltr'><strong>ornare</strong></span> <span class='ocrx_word' id='word_1_108' title='bbox 1276 1273 1484 1326; x_wconf 88' lang='lat' dir='ltr'><strong>iuberet</strong></span> 
     </span>
    </p>

    <p class='ocr_par' dir='ltr' id='par_1_13' title="bbox 92 1345 1453 1415">
     <span class='ocr_line' id='line_1_16' title="bbox 92 1345 1453 1415; baseline -0.001 -16"><span class='ocrx_word' id='word_1_109' title='bbox 92 1345 412 1415; x_wconf 90' lang='lat' dir='ltr'><strong>Albanoque</strong></span> <span class='ocrx_word' id='word_1_110' title='bbox 450 1345 640 1399; x_wconf 90' lang='lat' dir='ltr'><strong>cadum</strong></span> <span class='ocrx_word' id='word_1_111' title='bbox 680 1346 985 1399; x_wconf 88' lang='lat' dir='ltr'><strong>sordentem</strong></span> <span class='ocrx_word' id='word_1_112' title='bbox 1022 1363 1266 1414; x_wconf 88' lang='lat' dir='ltr'><strong>promere</strong></span> <span class='ocrx_word' id='word_1_113' title='bbox 1303 1346 1453 1399; x_wconf 88' lang='lat' dir='ltr'><strong>fumo</strong></span> 
     </span>
    </p>

    <p class='ocr_par' dir='ltr' id='par_1_14' title="bbox 51 1417 1870 1562">
     <span class='ocr_line' id='line_1_17' title="bbox 91 1417 1870 1489; baseline 0.001 -16"><span class='ocrx_word' id='word_1_114' title='bbox 91 1417 166 1472; x_wconf 84' lang='lat' dir='ltr'><strong>Et</strong></span> <span class='ocrx_word' id='word_1_115' title='bbox 204 1422 352 1473; x_wconf 90' lang='lat' dir='ltr'><strong>creta</strong></span> <span class='ocrx_word' id='word_1_116' title='bbox 390 1419 601 1489; x_wconf 87' lang='lat' dir='ltr'><strong>signare</strong></span> <span class='ocrx_word' id='word_1_117' title='bbox 639 1418 822 1472; x_wconf 77' lang='lat' dir='ltr'><strong>diem?</strong></span> <span class='ocrx_word' id='word_1_118' title='bbox 869 1419 944 1472; x_wconf 89' lang='lat' dir='ltr'><strong>sic</strong></span> <span class='ocrx_word' id='word_1_119' title='bbox 983 1419 1169 1472; x_wconf 91' lang='lat' dir='ltr'><strong>tardus</strong></span> <span class='ocrx_word' id='word_1_120' title='bbox 1208 1419 1454 1489; x_wconf 89' lang='lat' dir='ltr'><strong>inersque</strong></span> <span class='ocrx_word' id='word_1_121' title='bbox 1808 1435 1870 1475; x_wconf 77' lang='grc' dir='ltr'><strong>4ο</strong></span> 
     </span>
     <span class='ocr_line' id='line_1_18' title="bbox 51 1488 1600 1562; baseline 0.001 -17"><span class='ocrx_word' id='word_1_122' title='bbox 51 1534 53 1538; x_wconf 92' lang='grc'>.</span> <span class='ocrx_word' id='word_1_123' title='bbox 90 1488 250 1546; x_wconf 90' lang='lat' dir='ltr'><strong>Nunc</strong></span> <span class='ocrx_word' id='word_1_124' title='bbox 289 1492 502 1545; x_wconf 91' lang='lat' dir='ltr'><strong>demum</strong></span> <span class='ocrx_word' id='word_1_125' title='bbox 540 1509 662 1545; x_wconf 90' lang='lat' dir='ltr'><strong>mea</strong></span> <span class='ocrx_word' id='word_1_126' title='bbox 698 1495 830 1545; x_wconf 87' lang='lat' dir='ltr'><strong>uota</strong></span> <span class='ocrx_word' id='word_1_127' title='bbox 867 1510 1026 1546; x_wconf 89' lang='lat' dir='ltr'><strong>cano·</strong></span> <span class='ocrx_word' id='word_1_128' title='bbox 1072 1495 1134 1545; x_wconf 92' lang='lat' dir='ltr'><strong>tu</strong></span> <span class='ocrx_word' id='word_1_129' title='bbox 1173 1492 1333 1561; x_wconf 90' lang='lat' dir='ltr'><strong>culpa</strong></span> <span class='ocrx_word' id='word_1_130' title='bbox 1369 1497 1600 1562; x_wconf 89' lang='lat' dir='ltr'><strong>tuusque</strong></span> 
     </span>
    </p>

    <p class='ocr_par' dir='ltr' id='par_1_15' title="bbox 50 1563 1607 1635">
     <span class='ocr_line' id='line_1_19' title="bbox 50 1563 1607 1635; baseline 0 -16"><span class='ocrx_word' id='word_1_131' title='bbox 50 1567 58 1587; x_wconf 81' lang='grc'><strong>”</strong></span> <span class='ocrx_word' id='word_1_132' title='bbox 90 1563 194 1619; x_wconf 91' lang='lat' dir='ltr'><strong>Hic</strong></span> <span class='ocrx_word' id='word_1_133' title='bbox 232 1565 419 1634; x_wconf 88' lang='lat' dir='ltr'><strong>pudor.</strong></span> <span class='ocrx_word' id='word_1_134' title='bbox 478 1564 707 1618; x_wconf 89' lang='lat' dir='ltr'><strong>ulterius</strong></span> <span class='ocrx_word' id='word_1_135' title='bbox 747 1565 839 1618; x_wconf 90' lang='lat' dir='ltr'><strong>sed</strong></span> <span class='ocrx_word' id='word_1_136' title='bbox 878 1566 1019 1618; x_wconf 89' lang='lat' dir='ltr'><strong>enim</strong></span> <span class='ocrx_word' id='word_1_137' title='bbox 1057 1565 1348 1634; x_wconf 91' lang='lat' dir='ltr'><strong>producere</strong></span> <span class='ocrx_word' id='word_1_138' title='bbox 1387 1570 1607 1635; x_wconf 86' lang='lat' dir='ltr'><strong>quest-us</strong></span> 
     </span>
    </p>

    <p class='ocr_par' dir='ltr' id='par_1_16' title="bbox 44 1637 1744 1782">
     <span class='ocr_line' id='line_1_20' title="bbox 44 1637 1541 1708; baseline -0.001 -16"><span class='ocrx_word' id='word_1_139' title='bbox 44 1704 46 1706; x_wconf 8' lang='grc' dir='ltr'>η</span> <span class='ocrx_word' id='word_1_140' title='bbox 89 1637 218 1692; x_wconf 91' lang='lat' dir='ltr'><strong>Non</strong></span> <span class='ocrx_word' id='word_1_141' title='bbox 256 1638 404 1708; x_wconf 83' lang='lat' dir='ltr'><strong>licet3</strong></span> <span class='ocrx_word' id='word_1_142' title='bbox 444 1655 512 1692; x_wconf 87' lang='lat' dir='ltr'><strong>en</strong></span> <span class='ocrx_word' id='word_1_143' title='bbox 549 1638 738 1691; x_wconf 90' lang='lat' dir='ltr'><strong>hilaris</strong></span> <span class='ocrx_word' id='word_1_144' title='bbox 777 1639 1089 1691; x_wconf 87' lang='lat' dir='ltr'><strong>circumstat</strong></span> <span class='ocrx_word' id='word_1_145' title='bbox 1126 1639 1287 1691; x_wconf 89' lang='lat' dir='ltr'><strong>turba</strong></span> <span class='ocrx_word' id='word_1_146' title='bbox 1322 1641 1541 1692; x_wconf 91' lang='lat' dir='ltr'><strong>tuorum</strong></span> 
     </span>
     <span class='ocr_line' id='line_1_21' title="bbox 90 1710 1744 1795; baseline 0.001 -31"><span class='ocrx_word' id='word_1_147' title='bbox 90 1710 456 1782; x_wconf 87' lang='lat' dir='ltr'><strong>Defensatque</strong></span> <span class='ocrx_word' id='word_1_148' title='bbox 494 1714 718 1780; x_wconf 90' lang='lat' dir='ltr'><strong>patrem.</strong></span> <span class='ocrx_word' id='word_1_149' title='bbox 766 1730 938 1795; x_wconf 91' lang='lat' dir='ltr'><strong>quem</strong></span> <span class='ocrx_word' id='word_1_150' title='bbox 975 1730 1086 1764; x_wconf 92' lang='lat' dir='ltr'><strong>non</strong></span> <span class='ocrx_word' id='word_1_151' title='bbox 1123 1711 1227 1765; x_wconf 93' lang='lat' dir='ltr'><strong>hoc</strong></span> <span class='ocrx_word' id='word_1_152' title='bbox 1267 1713 1481 1781; x_wconf 86' lang='lat' dir='ltr'><strong>agmine</strong></span> <span class='ocrx_word' id='word_1_153' title='bbox 1521 1712 1744 1766; x_wconf 83' lang='lat' dir='ltr'><strong>uineas?</strong></span> 
     </span>
    </p>

    <p class='ocr_par' dir='ltr' id='par_1_17' title="bbox 89 1783 1868 1927">
     <span class='ocr_line' id='line_1_22' title="bbox 90 1783 1868 1854; baseline 0.001 -16"><span class='ocrx_word' id='word_1_154' title='bbox 90 1783 162 1838; x_wconf 95' lang='lat' dir='ltr'><strong>Di</strong></span> <span class='ocrx_word' id='word_1_155' title='bbox 198 1785 375 1854; x_wconf 87' lang='lat' dir='ltr'><strong>patrii,</strong></span> <span class='ocrx_word' id='word_1_156' title='bbox 413 1802 548 1854; x_wconf 88' lang='lat' dir='ltr'><strong>quos</strong></span> <span class='ocrx_word' id='word_1_157' title='bbox 588 1785 826 1854; x_wconf 86' lang='lat' dir='ltr'><strong>auguriis</strong></span> <span class='ocrx_word' id='word_1_158' title='bbox 867 1802 1028 1854; x_wconf 90' lang='lat' dir='ltr'><strong>super</strong></span> <span class='ocrx_word' id='word_1_159' title='bbox 1066 1802 1300 1853; x_wconf 88' lang='lat' dir='ltr'><strong>aequora</strong></span> <span class='ocrx_word' id='word_1_160' title='bbox 1337 1786 1547 1854; x_wconf 87' lang='lat' dir='ltr'><strong>magnis</strong></span> <span class='ocrx_word' id='word_1_161' title='bbox 1810 1801 1868 1840; x_wconf 77' lang='lat'><strong>45</strong></span> 
     </span>
     <span class='ocr_line' id='line_1_23' title="bbox 89 1856 1462 1927; baseline -0.001 -16"><span class='ocrx_word' id='word_1_162' title='bbox 89 1856 243 1912; x_wconf 89' lang='lat' dir='ltr'><strong>Litus</strong></span> <span class='ocrx_word' id='word_1_163' title='bbox 282 1857 350 1911; x_wconf 91' lang='lat' dir='ltr'><strong>ad</strong></span> <span class='ocrx_word' id='word_1_164' title='bbox 387 1856 689 1912; x_wconf 88' lang='lat' dir='ltr'><strong>Ausonium</strong></span> <span class='ocrx_word' id='word_1_165' title='bbox 729 1858 943 1911; x_wconf 89' lang='lat' dir='ltr'><strong>deuexit</strong></span> <span class='ocrx_word' id='word_1_166' title='bbox 979 1857 1221 1911; x_wconf 86' lang='lat' dir='ltr'><strong>Abantia</strong></span> <span class='ocrx_word' id='word_1_167' title='bbox 1259 1858 1462 1927; x_wconf 88' lang='lat' dir='ltr'><strong>classis,</strong></span> 
     </span>
    </p>

    <p class='ocr_par' dir='ltr' id='par_1_18' title="bbox 93 1930 1439 2001">
     <span class='ocr_line' id='line_1_24' title="bbox 93 1930 1439 2001; baseline -0.001 -17"><span class='ocrx_word' id='word_1_168' title='bbox 93 1930 190 2000; x_wconf 92' lang='lat' dir='ltr'><strong>Tu,</strong></span> <span class='ocrx_word' id='word_1_169' title='bbox 229 1930 420 1984; x_wconf 89' lang='lat' dir='ltr'><strong>ductor</strong></span> <span class='ocrx_word' id='word_1_170' title='bbox 456 1931 645 2000; x_wconf 91' lang='lat' dir='ltr'><strong>populi</strong></span> <span class='ocrx_word' id='word_1_171' title='bbox 682 1930 844 2001; x_wconf 90' lang='lat' dir='ltr'><strong>longe</strong></span> <span class='ocrx_word' id='word_1_172' title='bbox 882 1931 1187 2001; x_wconf 84' lang='lat' dir='ltr'><strong>migrantis,</strong></span> <span class='ocrx_word' id='word_1_173' title='bbox 1224 1931 1439 2000; x_wconf 89' lang='lat' dir='ltr'><strong>Apollo,</strong></span> 
     </span>
    </p>

    <p class='ocr_par' dir='ltr' id='par_1_19' title="bbox 92 2001 1528 2058">
     <span class='ocr_line' id='line_1_25' title="bbox 92 2001 1528 2058; baseline 0.001 -1"><span class='ocrx_word' id='word_1_174' title='bbox 92 2001 256 2057; x_wconf 82' lang='lat' dir='ltr'><strong>Cuius</strong></span> <span class='ocrx_word' id='word_1_175' title='bbox 297 2003 470 2057; x_wconf 84' lang='lat' dir='ltr'><strong>adhuc</strong></span> <span class='ocrx_word' id='word_1_176' title='bbox 506 2004 781 2058; x_wconf 91' lang='lat' dir='ltr'><strong>uolucrem</strong></span> <span class='ocrx_word' id='word_1_177' title='bbox 817 2004 974 2057; x_wconf 90' lang='lat' dir='ltr'><strong>laeua</strong></span> <span class='ocrx_word' id='word_1_178' title='bbox 1011 2004 1218 2057; x_wconf 91' lang='lat' dir='ltr'><strong>ceruice</strong></span> <span class='ocrx_word' id='word_1_179' title='bbox 1256 2004 1528 2058; x_wconf 89' lang='lat' dir='ltr'><strong>sedentem</strong></span> 
     </span>
    </p>

    <p class='ocr_par' dir='ltr' id='par_1_20' title="bbox 46 2075 1336 2147">
     <span class='ocr_line' id='line_1_26' title="bbox 46 2075 1336 2147; baseline 0 -17"><span class='ocrx_word' id='word_1_180' title='bbox 46 2110 48 2115; x_wconf 92' lang='lat'><em>·</em></span> <span class='ocrx_word' id='word_1_181' title='bbox 90 2075 404 2146; x_wconf 88' lang='lat' dir='ltr'><strong>Respiciens</strong></span> <span class='ocrx_word' id='word_1_182' title='bbox 443 2077 638 2130; x_wconf 90' lang='lat' dir='ltr'><strong>blande</strong></span> <span class='ocrx_word' id='word_1_183' title='bbox 675 2077 804 2130; x_wconf 87' lang='lat' dir='ltr'><strong>felix</strong></span> <span class='ocrx_word' id='word_1_184' title='bbox 842 2076 1085 2130; x_wconf 85' lang='lat' dir='ltr'><strong>Eumelis</strong></span> <span class='ocrx_word' id='word_1_185' title='bbox 1126 2077 1336 2147; x_wconf 85' lang='lat' dir='ltr'><strong>adorat,</strong></span> 
     </span>
    </p>

    <p class='ocr_par' dir='ltr' id='par_1_21' title="bbox 42 2147 1868 2220">
     <span class='ocr_line' id='line_1_27' title="bbox 42 2147 1868 2220; baseline 0 -14"><span class='ocrx_word' id='word_1_186' title='bbox 42 2203 44 2206; x_wconf 88' lang='lat'>.</span> <span class='ocrx_word' id='word_1_187' title='bbox 92 2149 292 2220; x_wconf 86' lang='lat' dir='ltr'><strong>Tuque,</strong></span> <span class='ocrx_word' id='word_1_188' title='bbox 331 2149 534 2203; x_wconf 91' lang='lat' dir='ltr'><strong>Actaea</strong></span> <span class='ocrx_word' id='word_1_189' title='bbox 573 2147 750 2219; x_wconf 75' lang='lat' dir='ltr'><strong>CereS,</strong></span> <span class='ocrx_word' id='word_1_190' title='bbox 788 2168 946 2203; x_wconf 88' lang='lat' dir='ltr'><strong>cursu</strong></span> <span class='ocrx_word' id='word_1_191' title='bbox 985 2151 1070 2203; x_wconf 93' lang='lat' dir='ltr'><strong>cui</strong></span> <span class='ocrx_word' id='word_1_192' title='bbox 1110 2168 1321 2219; x_wconf 91' lang='lat' dir='ltr'><strong>semper</strong></span> <span class='ocrx_word' id='word_1_193' title='bbox 1360 2150 1554 2204; x_wconf 84' lang='lat' dir='ltr'><strong>anhelo</strong></span> <span class='ocrx_word' id='word_1_194' title='bbox 1810 2167 1868 2206; x_wconf 83' lang='lat'><strong>50</strong></span> 
     </span>
    </p>
   </div>
   <div class='ocr_carea' id='block_1_6' title="bbox 10 2221 1439 2293">
    <p class='ocr_par' dir='ltr' id='par_1_22' title="bbox 10 2221 1439 2293">
     <span class='ocr_line' id='line_1_28' title="bbox 10 2221 1439 2293; baseline 0 -18"><span class='ocrx_word' id='word_1_195' title='bbox 10 2271 12 2274; x_wconf 77' lang='grc'>,</span> <span class='ocrx_word' id='word_1_196' title='bbox 47 2242 54 2245; x_wconf 60' lang='grc'><strong><em>”</em></strong></span> <span class='ocrx_word' id='word_1_197' title='bbox 91 2221 348 2277; x_wconf 88' lang='lat' dir='ltr'><strong>Uotiuam</strong></span> <span class='ocrx_word' id='word_1_198' title='bbox 385 2224 538 2277; x_wconf 85' lang='lat' dir='ltr'><strong>taciti</strong></span> <span class='ocrx_word' id='word_1_199' title='bbox 576 2241 892 2293; x_wconf 85' lang='lat' dir='ltr'><strong>quassamus</strong></span> <span class='ocrx_word' id='word_1_200' title='bbox 930 2223 1177 2292; x_wconf 87' lang='lat' dir='ltr'><strong>lampada</strong></span> <span class='ocrx_word' id='word_1_201' title='bbox 1214 2227 1439 2292; x_wconf 85' lang='lat' dir='ltr'><strong>mystae,</strong></span> 
     </span>
    </p>
   </div>
   <div class='ocr_carea' id='block_1_7' title="bbox 39 2295 1605 2441">
    <p class='ocr_par' dir='ltr' id='par_1_23' title="bbox 39 2295 1605 2441">
     <span class='ocr_line' id='line_1_29' title="bbox 39 2295 1601 2367; baseline -0.001 -17"><span class='ocrx_word' id='word_1_202' title='bbox 39 2311 42 2316; x_wconf 82' lang='lat'>·</span> <span class='ocrx_word' id='word_1_203' title='bbox 90 2295 166 2350; x_wconf 84' lang='lat' dir='ltr'><strong>Et</strong></span> <span class='ocrx_word' id='word_1_204' title='bbox 202 2314 316 2366; x_wconf 73' lang='lat' dir='ltr'><strong>noe,</strong></span> <span class='ocrx_word' id='word_1_205' title='bbox 354 2296 707 2367; x_wconf 83' lang='lat' dir='ltr'><strong>Tyndaridae,</strong></span> <span class='ocrx_word' id='word_1_206' title='bbox 745 2314 878 2367; x_wconf 88' lang='lat' dir='ltr'><strong>quos</strong></span> <span class='ocrx_word' id='word_1_207' title='bbox 915 2314 1027 2350; x_wconf 87' lang='lat' dir='ltr'><strong>non</strong></span> <span class='ocrx_word' id='word_1_208' title='bbox 1063 2297 1329 2350; x_wconf 90' lang='lat' dir='ltr'><strong>horrenda</strong></span> <span class='ocrx_word' id='word_1_209' title='bbox 1365 2295 1601 2367; x_wconf 82' lang='lat' dir='ltr'><strong>Lycurgi</strong></span> 
     </span>
     <span class='ocr_line' id='line_1_30' title="bbox 46 2369 1605 2441; baseline 0.001 -18"><span class='ocrx_word' id='word_1_210' title='bbox 46 2375 49 2377; x_wconf 81' lang='grc'><strong>’</strong></span> <span class='ocrx_word' id='word_1_211' title='bbox 92 2369 334 2441; x_wconf 87' lang='lat' dir='ltr'><strong>Taygeta</strong></span> <span class='ocrx_word' id='word_1_212' title='bbox 371 2370 761 2440; x_wconf 88' lang='lat' dir='ltr'><strong>umbrosaeque</strong></span> <span class='ocrx_word' id='word_1_213' title='bbox 799 2370 973 2440; x_wconf 85' lang='lat' dir='ltr'><strong>magis</strong></span> <span class='ocrx_word' id='word_1_214' title='bbox 1013 2370 1224 2423; x_wconf 90' lang='lat' dir='ltr'><strong>coluere</strong></span> <span class='ocrx_word' id='word_1_215' title='bbox 1264 2370 1605 2440; x_wconf 88' lang='lat' dir='ltr'><strong>Therapnae:</strong></span> 
     </span>
    </p>
   </div>
   <div class='ocr_carea' id='block_1_8' title="bbox 89 2518 443 2526">
    <p class='ocr_par' dir='ltr' id='par_1_24' title="bbox 89 2518 443 2526">
     <span class='ocr_line' id='line_1_31' title="bbox 89 2518 443 2526; baseline 0 638"><span class='ocrx_word' id='word_1_216' title='bbox 89 2518 443 2526; x_wconf 95' lang='lat' dir='ltr'><strong> </strong></span> 
     </span>
    </p>
   </div>
   <div class='ocr_carea' id='block_1_9' title="bbox 37 2602 1868 2895">
    <p class='ocr_par' dir='ltr' id='par_1_25' title="bbox 37 2602 1866 2660">
     <span class='ocr_line' id='line_1_32' title="bbox 37 2602 1866 2660; baseline 0 -12"><span class='ocrx_word' id='word_1_217' title='bbox 37 2655 40 2659; x_wconf 3' lang='lat' dir='ltr'><strong>p</strong></span> <span class='ocrx_word' id='word_1_218' title='bbox 209 2606 281 2658; x_wconf 80' lang='grc'><strong>25,</strong></span> <span class='ocrx_word' id='word_1_219' title='bbox 313 2607 371 2648; x_wconf 83' lang='grc'><strong>26</strong></span> <span class='ocrx_word' id='word_1_220' title='bbox 401 2602 551 2648; x_wconf 80' lang='lat' dir='ltr'><strong>uirilis</strong></span> <span class='ocrx_word' id='word_1_221' title='bbox 581 2602 778 2647; x_wconf 83' lang='lat' dir='ltr'><strong>Roboris</strong></span> <span class='ocrx_word' id='word_1_222' title='bbox 810 2604 858 2647; x_wconf 89' lang='lat' dir='ltr'><strong>et</strong></span> <span class='ocrx_word' id='word_1_223' title='bbox 888 2615 988 2660; x_wconf 74' lang='lat' dir='ltr'><strong>eqo:</strong></span> <span class='ocrx_word' id='word_1_224' title='bbox 1035 2602 1161 2647; x_wconf 88' lang='lat' dir='ltr'><strong>uirili</strong></span> <span class='ocrx_word' id='word_1_225' title='bbox 1191 2603 1374 2649; x_wconf 86' lang='lat' dir='ltr'><strong>Robore</strong></span> <span class='ocrx_word' id='word_1_226' title='bbox 1407 2604 1488 2649; x_wconf 89' lang='lat' dir='ltr'><strong>sed</strong></span> <span class='ocrx_word' id='word_1_227' title='bbox 1520 2608 1549 2646; x_wconf 82' lang='lat' dir='ltr'><strong>c</strong></span> <span class='ocrx_word' id='word_1_228' title='bbox 1580 2619 1608 2646; x_wconf 76' lang='lat' dir='ltr'><strong>a.</strong></span> <span class='ocrx_word' id='word_1_229' title='bbox 1641 2605 1648 2659; x_wconf 87' lang='grc'>1</span> <span class='ocrx_word' id='word_1_230' title='bbox 1690 2604 1866 2648; x_wconf 82' lang='lat' dir='ltr'><strong>laetan-</strong></span> 
     </span>
    </p>

    <p class='ocr_par' dir='ltr' id='par_1_26' title="bbox 38 2660 1868 2895">
     <span class='ocr_line' id='line_1_33' title="bbox 90 2660 1867 2719; baseline 0.001 -14"><span class='ocrx_word' id='word_1_231' title='bbox 90 2660 198 2706; x_wconf 77' lang='lat' dir='ltr'><strong>dast</strong></span> <span class='ocrx_word' id='word_1_232' title='bbox 233 2662 422 2718; x_wconf 71' lang='lat' dir='ltr'><strong>scripsi:</strong></span> <span class='ocrx_word' id='word_1_233' title='bbox 466 2661 642 2706; x_wconf 84' lang='lat' dir='ltr'><strong>laetam</strong></span> <span class='ocrx_word' id='word_1_234' title='bbox 687 2661 772 2705; x_wconf 86' lang='lat' dir='ltr'><strong>dat</strong></span> <span class='ocrx_word' id='word_1_235' title='bbox 810 2665 839 2703; x_wconf 72' lang='grc' dir='ltr'>ὓ</span> <span class='ocrx_word' id='word_1_236' title='bbox 878 2675 918 2705; x_wconf 81' lang='lat' dir='ltr'><strong>a.</strong></span> <span class='ocrx_word' id='word_1_237' title='bbox 957 2665 1098 2705; x_wconf 82' lang='lat' dir='ltr'><strong>restat</strong></span> <span class='ocrx_word' id='word_1_238' title='bbox 1134 2663 1463 2707; x_wconf 76' lang='lat' dir='ltr'><strong>emendandum</strong></span> <span class='ocrx_word' id='word_1_239' title='bbox 1505 2662 1711 2719; x_wconf 76' lang='lat' dir='ltr'><strong>saepiu83</strong></span> <span class='ocrx_word' id='word_1_240' title='bbox 1757 2677 1867 2706; x_wconf 78' lang='lat' dir='ltr'><strong>nam</strong></span> 
     </span>
     <span class='ocr_line' id='line_1_34' title="bbox 38 2720 1868 2779; baseline 0 -15"><span class='ocrx_word' id='word_1_241' title='bbox 38 2723 39 2726; x_wconf 77' lang='grc'>’</span> <span class='ocrx_word' id='word_1_242' title='bbox 93 2720 234 2765; x_wconf 79' lang='lat' dir='ltr'><strong>altero</strong></span> <span class='ocrx_word' id='word_1_243' title='bbox 272 2724 368 2765; x_wconf 81' lang='lat' dir='ltr'><strong>tum</strong></span> <span class='ocrx_word' id='word_1_244' title='bbox 399 2720 597 2776; x_wconf 74' lang='lat' dir='ltr'><strong>puerulo</strong></span> <span class='ocrx_word' id='word_1_245' title='bbox 634 2725 796 2765; x_wconf 65' lang='lat' dir='ltr'><strong>awaus</strong></span> <span class='ocrx_word' id='word_1_246' title='bbox 833 2724 931 2764; x_wconf 79' lang='lat' dir='ltr'><strong>erat</strong></span> <span class='ocrx_word' id='word_1_247' title='bbox 971 2720 1254 2765; x_wconf 77' lang='lat' dir='ltr'><strong>Menecrates</strong></span> <span class='ocrx_word' id='word_1_248' title='bbox 1291 2723 1307 2777; x_wconf 81' lang='grc' dir='ltr'><strong>ΙΙ</strong></span> <span class='ocrx_word' id='word_1_249' title='bbox 1344 2726 1400 2766; x_wconf 82' lang='grc'><strong>27</strong></span> <span class='ocrx_word' id='word_1_250' title='bbox 1441 2722 1606 2765; x_wconf 78' lang='lat' dir='ltr'><strong>deleuit</strong></span> <span class='ocrx_word' id='word_1_251' title='bbox 1646 2721 1819 2765; x_wconf 78' lang='lat' dir='ltr'><strong>Markl.</strong></span> <span class='ocrx_word' id='word_1_252' title='bbox 1851 2721 1868 2779; x_wconf 71' lang='grc' dir='ltr'>Η</span> 
     </span>
     <span class='ocr_line' id='line_1_35' title="bbox 44 2777 1865 2835; baseline 0.001 -13"><span class='ocrx_word' id='word_1_253' title='bbox 44 2804 45 2807; x_wconf 63' lang='lat'><em>=</em></span> <span class='ocrx_word' id='word_1_254' title='bbox 89 2782 146 2822; x_wconf 76' lang='lat'><strong>39.</strong></span> <span class='ocrx_word' id='word_1_255' title='bbox 185 2777 416 2823; x_wconf 84' lang='lat' dir='ltr'><strong>rarissime</strong></span> <span class='ocrx_word' id='word_1_256' title='bbox 448 2782 478 2820; x_wconf 76' lang='lat'><strong>0</strong></span> <span class='ocrx_word' id='word_1_257' title='bbox 516 2793 558 2834; x_wconf 74' lang='lat' dir='ltr'><strong>a,</strong></span> <span class='ocrx_word' id='word_1_258' title='bbox 596 2792 709 2823; x_wconf 83' lang='lat' dir='ltr'><strong>corr.</strong></span> <span class='ocrx_word' id='word_1_259' title='bbox 753 2783 781 2822; x_wconf 83' lang='grc' dir='ltr'><strong>ς</strong></span> <span class='ocrx_word' id='word_1_260' title='bbox 820 2780 836 2834; x_wconf 84' lang='grc' dir='ltr'><strong>ΙΙ</strong></span> <span class='ocrx_word' id='word_1_261' title='bbox 874 2783 930 2822; x_wconf 85' lang='grc'><strong>40</strong></span> <span class='ocrx_word' id='word_1_262' title='bbox 970 2780 1098 2824; x_wconf 89' lang='lat' dir='ltr'><strong>creta</strong></span> <span class='ocrx_word' id='word_1_263' title='bbox 1134 2779 1390 2824; x_wconf 76' lang='lat' dir='ltr'><strong>Bentleius:</strong></span> <span class='ocrx_word' id='word_1_264' title='bbox 1437 2782 1579 2823; x_wconf 83' lang='lat' dir='ltr'><strong>cantu</strong></span> <span class='ocrx_word' id='word_1_265' title='bbox 1620 2783 1648 2821; x_wconf 82' lang='lat' dir='ltr'><strong>c</strong></span> <span class='ocrx_word' id='word_1_266' title='bbox 1688 2794 1716 2821; x_wconf 73' lang='lat' dir='ltr'><strong>a</strong></span> <span class='ocrx_word' id='word_1_267' title='bbox 1753 2782 1759 2835; x_wconf 76' lang='grc'>1</span> <span class='ocrx_word' id='word_1_268' title='bbox 1799 2779 1865 2823; x_wconf 87' lang='lat' dir='ltr'><strong>sic</strong></span> 
     </span>
     <span class='ocr_line' id='line_1_36' title="bbox 87 2836 1867 2895; baseline 0 -14"><span class='ocrx_word' id='word_1_269' title='bbox 87 2837 275 2894; x_wconf 59' lang='lat' dir='ltr'><strong>scripsi:</strong></span> <span class='ocrx_word' id='word_1_270' title='bbox 305 2837 386 2882; x_wconf 88' lang='lat' dir='ltr'><strong>sed</strong></span> <span class='ocrx_word' id='word_1_271' title='bbox 417 2841 446 2880; x_wconf 77' lang='grc'><strong>0</strong></span> <span class='ocrx_word' id='word_1_272' title='bbox 477 2852 505 2880; x_wconf 76' lang='grc' dir='ltr'><strong>ιι</strong></span> <span class='ocrx_word' id='word_1_273' title='bbox 533 2839 550 2895; x_wconf 78' lang='lat' dir='ltr'>u</span> <span class='ocrx_word' id='word_1_274' title='bbox 587 2842 642 2882; x_wconf 82' lang='grc'><strong>46</strong></span> <span class='ocrx_word' id='word_1_275' title='bbox 674 2836 876 2882; x_wconf 87' lang='lat' dir='ltr'><strong>Abantia</strong></span> <span class='ocrx_word' id='word_1_276' title='bbox 909 2841 937 2880; x_wconf 84' lang='grc' dir='ltr'><strong>ς</strong></span> <span class='ocrx_word' id='word_1_277' title='bbox 971 2852 1018 2881; x_wconf 81' lang='lat' dir='ltr'><strong>a:</strong></span> <span class='ocrx_word' id='word_1_278' title='bbox 1049 2837 1246 2882; x_wconf 85' lang='lat' dir='ltr'><strong>abanxia</strong></span> <span class='ocrx_word' id='word_1_279' title='bbox 1277 2843 1305 2880; x_wconf 87' lang='lat' dir='ltr'><strong>c</strong></span> <span class='ocrx_word' id='word_1_280' title='bbox 1336 2841 1352 2894; x_wconf 77' lang='lat' dir='ltr'>n</span> <span class='ocrx_word' id='word_1_281' title='bbox 1392 2842 1447 2883; x_wconf 90' lang='lat'><strong>50</strong></span> <span class='ocrx_word' id='word_1_282' title='bbox 1480 2842 1612 2883; x_wconf 86' lang='lat' dir='ltr'><strong>astea</strong></span> <span class='ocrx_word' id='word_1_283' title='bbox 1641 2841 1700 2880; x_wconf 89' lang='lat' dir='ltr'><strong>A:</strong></span> <span class='ocrx_word' id='word_1_284' title='bbox 1733 2840 1867 2883; x_wconf 87' lang='lat' dir='ltr'><strong>astea</strong></span> 
     </span>
    </p>
   </div>
   <div class='ocr_carea' id='block_1_10' title="bbox 3 2896 537 2952">
    <p class='ocr_par' dir='ltr' id='par_1_27' title="bbox 3 2896 537 2952">
     <span class='ocr_line' id='line_1_37' title="bbox 3 2896 537 2952; baseline 0 -13"><span class='ocrx_word' id='word_1_285' title='bbox 3 2910 8 2918; x_wconf 85' lang='lat'><em>·</em></span> <span class='ocrx_word' id='word_1_286' title='bbox 87 2896 161 2940; x_wconf 75' lang='lat' dir='ltr'><strong>uel</strong></span> <span class='ocrx_word' id='word_1_287' title='bbox 190 2897 298 2940; x_wconf 84' lang='lat' dir='ltr'><strong>atea</strong></span> <span class='ocrx_word' id='word_1_288' title='bbox 329 2897 475 2952; x_wconf 87' lang='lat' dir='ltr'><strong>(acea)</strong></span> <span class='ocrx_word' id='word_1_289' title='bbox 507 2899 537 2939; x_wconf 80' lang='lat' dir='ltr'><strong>c</strong></span> 
     </span>
    </p>
   </div>
   <div class='ocr_carea' id='block_1_11' title="bbox 0 0 72 3164">
    <p class='ocr_par' dir='ltr' id='par_1_28' title="bbox 0 0 72 3164">
     <span class='ocr_line' id='line_1_38' title="bbox 0 0 72 3164; baseline 0 0"><span class='ocrx_word' id='word_1_290' title='bbox 0 0 72 3164; x_wconf 95' lang='lat' dir='ltr'><strong> </strong></span> 
     </span>
    </p>
   </div>
  </div>
 </body>
</html>
