2014 3164
174 219 274 272 138
769 219 819 263 Ρ.
851 219 1077 263 PAPINII
1109 219 1307 265 STATII

168 339 494 392 Flectentem
524 339 679 391 iustis
720 341 772 389 et
809 338 942 390 talia
980 338 1123 391 dicta
1160 341 1464 406 parantem:

170 412 377 480 ‘Parce7
415 429 614 480 precor,
655 411 843 463 cineri:
882 412 1056 463 fatum
1094 411 1225 463 illud
1264 415 1319 464 et
1355 412 1436 464 ira
1474 415 1762 466 nocentum

168 486 457 538 Parcarum
497 485 799 553 crimenque
839 484 936 553 dei,
974 484 1224 536 mortalia
1262 485 1500 554 quisquis
1874 499 1928 539 85

167 558 393 611 Pectora
434 575 549 610 sero
587 557 736 609 uidet
771 575 869 610 nec
907 558 1078 625 primo
1118 559 1174 609 in
1211 557 1397 609 limine
1437 559 1578 611 sistit

170 630 406 685 Conatus
448 631 705 683 scelerum
745 633 902 699 atque
943 631 1148 683 animos
1181 630 1404 683 infanda
1441 634 1707 699 parantes.

167 705 396 757 Excidat
433 705 527 756 illa
567 703 676 755 dies
716 721 863 771 aeuo,
902 721 1000 756 nec
1037 706 1254 771 postera
1293 704 1513 757 credant

170 777 412 831 Saecula!
454 795 555 829 nos
588 780 728 829 certe
765 780 1037 829 taceamus
1077 779 1131 829 et
1163 777 1356 830 obruta
1394 779 1563 831 multa

167 850 338 904 Nocte
376 851 487 919 tegi
524 851 768 918 propriae
800 851 1069 918 patiamur
1107 850 1331 903 crimina
1369 852 1557 920 gentis,
1874 867 1930 906 90

167 924 365 994 Exegit
402 941 618 992 poenaS,
655 924 933 976 hominum
973 924 1056 975 cui
1095 941 1222 976 cura
1260 942 1491 992 suorum,

169 997 285 1059 Quo
324 997 504 1049 Pietas
537 999 753 1049 auctore
791 997 929 1048 redit
965 999 1244 1066 terrasque
1282 997 1482 1065 reuisit,

168 1071 336 1132 Quem
366 1071 522 1123 timet
551 1087 707 1122 omne
738 1070 904 1121 nefas.
944 1070 1074 1120 satis
1106 1069 1237 1121 haec
1268 1069 1699 1140 lacrimandaque
1730 1073 1885 1125 nobis

167 1144 330 1197 Ultio.
408 1144 538 1212 quin
570 1160 758 1195 saeuas
797 1143 1005 1193 utinam
1046 1160 1262 1195 exorare
1299 1143 1482 1196 liceret

166 1217 492 1270 Eumenidas
531 1216 853 1284 timidaeque
894 1217 1132 1267 auertere
1172 1214 1443 1268 Cerberon
1481 1219 1702 1270 umbrae
1875 1233 1930 1273 95

165 1290 646 1358 Immemoremque
684 1289 791 1340 tuis
831 1289 987 1340 citius
1027 1288 1152 1341 dare
1190 1290 1436 1359 manibus
1477 1291 1722 1344 amnem.'

166 1363 344 1416 Macte
383 1364 578 1431 animo,
616 1362 844 1414 iuuenis!
886 1362 963 1414 sic
1001 1365 1246 1414 crescunt
1285 1363 1511 1416 crimina
1550 1365 1752 1417 matris,

166 1437 279 1490 Nec
316 1439 529 1489 tantum
568 1436 753 1504 pietaS,
795 1434 885 1487 sed
915 1435 1160 1503 protinus
1201 1435 1366 1488 ardua
1403 1437 1576 1489 uirtus

166 1511 433 1563 Affectata
471 1509 585 1561 tibi.
661 1526 831 1576 nuper
871 1527 991 1561 cum
1029 1509 1168 1561 forte
1209 1509 1406 1562 sodalis

165 1584 450 1637 Inmeritae
489 1583 625 1635 falso
665 1583 892 1650 palleret
930 1582 1147 1634 crimine
1186 1582 1361 1635 famae
1847 1599 1931 1638 100

165 1658 516 1727 Erigeretque
553 1655 730 1708 forum
770 1656 1137 1724 succinctaque
1175 1655 1347 1708 iudice
1387 1657 1556 1710 multo

166 1730 420 1800 Surgeret
458 1732 510 1781 et
549 1732 756 1782 castum
794 1729 1032 1781 uibraret
1069 1728 1217 1782 Julia
1254 1729 1481 1782 fulmen:

165 1805 260 1872 Tu,
300 1821 622 1872 quamquam
667 1821 773 1854 11011
814 1805 937 1854 ante
976 1803 1151 1854 forum
1190 1803 1442 1871 legesque
1482 1820 1694 1857 seueras

166 1877 381 1944 Passus,
422 1875 515 1927 sed
552 1876 720 1928 tacita
759 1875 1057 1927 studiorum
1097 1875 1335 1927 occultus
1374 1876 1432 1927 in
1469 1877 1673 1945 umbra,

166 1951 461 2003 Defensare
499 1951 672 2001 metus
714 1948 1043 2017 aduersaque
1080 1949 1188 2000 tela
1228 1949 1421 2000 subisti
1846 1965 1928 2005 105

165 2023 384 2091 Pellere‚
420 2022 639 2074 inermis
681 2022 853 2074 adhuc
886 2024 939 2073 et
968 2022 1090 2089 tiro,
1123 2022 1369 2089 pauentis
1403 2023 1574 2075 amici.

165 2096 316 2150 Haut
351 2113 605 2164 umquam
643 2095 778 2147 tales
819 2095 1027 2163 aspexit
1063 2093 1322 2151 Romulus
1363 2113 1530 2148 annos

165 2170 576 2237 Dardaniusque
609 2186 772 2221 senex
810 2168 970 2220 medii
1009 2168 1208 2220 bellare
1246 2170 1438 2238 togata

166 2242 356 2312 Strage
395 2242 513 2296 fori.
576 2244 823 2310 stupuere
862 2244 1042 2310 patres
1081 2241 1383 2294 tentamina
1421 2244 1575 2294 tanta

166 2315 510 2385 Conatusque
549 2317 687 2384 tuoe,
726 2314 788 2367 de
826 2317 879 2367 te
918 2332 1038 2367 reus
1078 2315 1194 2384 ipse
1232 2314 1472 2368 timebat.
1847 2330 1930 2371 110
2013 2352 2014 2391 3

283 2610 338 2650 83
371 2605 640 2650 Flectenten
673 2619 700 2648 a
730 2606 862 2650 iustis
893 2606 1115 2650 Heinsius
1136 2607 1152 2663 ΙΙ
1176 2611 1232 2651 84
1263 2606 1332 2665 ira
1362 2609 1420 2649 A:
1451 2606 1516 2650 ire
1549 2611 1578 2648 0
1609 2609 1623 2662 ss
1660 2610 1714 2651 88
1746 2607 1930 2653 Excitat

166 2665 249 2709 illa
287 2664 362 2709 die
400 2677 535 2709 saeuo
575 2668 602 2705 0
635 2679 674 2719 a,
714 2677 826 2708 corr.
866 2665 1101 2709 Amantius
1130 2668 1145 2720 ΙΙ
1175 2670 1230 2709 97
1264 2665 1328 2709 sic
1359 2665 1479 2708 edd„-
1510 2666 1589 2710 sed
1623 2670 1651 2707 0
1683 2681 1710 2708 a
1732 2667 1747 2722 ΙΙ
1771 2671 1825 2710 99
1858 2681 1926 2711 so-

166 2723 294 2768 dales
325 2727 353 2765 c
386 2738 413 2766 a
449 2724 464 2780 ΙΙ
501 2727 585 2767 100
615 2723 813 2779 palleret
843 2727 900 2766 A:
931 2724 1161 2780 pallerent
1192 2728 1220 2765 c
1258 2725 1273 2780 ΙΙ
1314 2727 1395 2767 101
1429 2716 1597 2781 forum]
1632 2726 1756 2769 toros
1787 2725 1929 2769 Hein-

165 2784 262 2827 sius
270 2799 287 2836 ‚·
318 2786 434 2838 puto
473 2781 814 2838 Colligeretque
852 2781 1001 2826 forum
1031 2785 1046 2839 ss
1080 2787 1162 2827 108
1202 2781 1521 2826 Dardaniusue
1559 2783 1785 2827 Bartlzius
1814 2784 1927 2828 Dar-

166 2840 353 2885 daniiue
392 2854 522 2885 senes
555 2841 727 2885 Markl.
758 2842 763 2896 Ι
791 2841 944 2885 media
972 2841 1080 2886 bell.
1120 2841 1270 2897 togati
1311 2840 1430 2885 Pace
1460 2841 1549 2885 fori
1579 2842 1695 2886 idem
1717 2843 1732 2899 ΙΙ
1759 2847 1841 2886 110
1873 2843 1928 2887 de

165 2900 350 2955 scripsi:
381 2913 464 2943 nec
496 2903 524 2941 c
558 2915 584 2942 a
615 2913 698 2955 pro
732 2899 904 2943 Markl.
