2028 3112
664 134 947 182 EDITORIS
978 134 1340 182 PRAEFATIO.
1798 154 1876 184 ιιι

108 243 249 329 uias3
307 258 565 314 nimirum
618 257 795 327 ipsum
851 255 983 309 illud
1029 255 1184 309 docte
1231 258 1286 309 et
1330 255 1533 308 imitari
1579 259 1635 308 et
1676 273 1878 310 nouare

106 351 216 388 non
255 331 369 388 sine
407 330 613 402 uigiliis
660 329 814 383 licuit
851 328 980 382 fieri.
1063 329 1245 398 itaque
1284 328 1341 381 in
1380 328 1530 382 siluis
1568 329 1878 399 plerumque

108 405 372 461 abstinuit
418 422 451 458 a
488 403 762 458 meditatis
801 401 1185 456 nouationibus
1225 401 1500 471 satiusque
1539 401 1691 454 duxit
1729 420 1876 456 more

107 479 344 562 uulgato
386 476 551 547 loqui.
624 494 751 530 nam
804 493 938 546 quae
990 476 1077 528 uel
1130 474 1207 528 sic
1259 475 1411 528 siluis
1463 475 1757 544 peculiaria
1806 475 1878 544 (si

109 570 231 606 oum
262 550 503 621 priorum
536 567 779 604 sermone
810 547 1113 618 comparas)
1147 552 1441 617 remanent,
1478 549 1644 601 uerba
1672 549 1880 602 tumida

109 627 164 679 et
200 623 563 679 elocutionum
608 623 850 691 ubertaS,
897 622 1029 675 haec
1075 639 1194 674 cum
1241 621 1453 674 coaeuis
1500 622 1673 690 poetis
1719 622 1879 691 plane

108 697 413 752 communia
449 696 614 750 habet
653 694 876 749 Statius.
953 694 1044 748 sed
1084 694 1161 747 ibi
1201 712 1426 763 quoque,
1464 695 1557 747 ubi
1596 694 1811 748 deflexit
1848 712 1880 748 a

108 773 365 825 consueto
413 768 666 840 loquendi
712 787 833 838 usu,
882 770 944 820 ut
982 766 1248 820 interdum
1287 766 1561 836 audacter,
1606 768 1685 821 ita
1730 786 1880 822 num-

109 861 270 914 quam
322 843 550 897 absurde
594 842 843 910 nouauit3
897 843 959 894 ut
1003 858 1080 894 ex,
1129 857 1206 911 gr.
1253 840 1496 909 ineptum
1553 841 1624 894 sit
1676 845 1881 911 putare,

109 935 230 971 eum
271 916 388 971 silu.
426 915 482 970 11
521 916 569 987 2,
610 915 680 969 93
718 915 774 968 id
814 914 956 984 quod
995 914 1144 968 codd.
1182 913 1406 967 habent:

372 1015 434 1062 Et
464 1014 603 1061 Chios
636 1017 685 1061 et
715 1014 923 1073 gaudens
954 1014 1121 1059 fluctus
1154 1015 1364 1071 spectare
1397 1013 1613 1071 Carystos

109 1105 389 1176 scripsisse
421 1105 488 1159 ad
519 1105 928 1159 similitudinem
957 1104 1291 1158 locutionum
1324 1122 1459 1173 quae
1492 1108 1617 1157 sunt
1647 1104 1881 1160 ‘crocum

46 1231 48 1236 ,
109 1179 269 1249 olere,
308 1196 456 1232 mare
497 1177 725 1248 sapere',
765 1196 886 1232 cum
926 1176 1061 1231 illud
1102 1177 1179 1230 nil
1219 1178 1394 1247 possit
1432 1177 1735 1247 significare
1774 1180 1881 1233 nisi

46 1267 47 1270 ’
107 1252 211 1307 hoc
266 1251 527 1306 ‘marmor
581 1249 892 1321 Carystium
946 1252 1004 1303 in
1057 1269 1203 1304 mare
1255 1251 1562 1319 prospicere
1609 1252 1882 1321 gaudens'.

43 1333 45 1337 '
109 1325 168 1380 ιιι
211 1325 346 1380 talia
390 1325 508 1380 loca
554 1342 664 1379 non
717 1324 861 1379 cadit
906 1325 999 1377 illa
1053 1325 1430 1393 extemporalis
1485 1324 1738 1378 audaciae
1792 1344 1883 1379 ex-

36 1419 37 1424 *
110 1399 340 1469 cusatiO,
395 1398 525 1469 quia
570 1398 628 1451 in
673 1397 908 1452 dictione
954 1398 1166 1466 poetica
1212 1398 1475 1467 regnabat
1519 1397 1628 1450 fere
1676 1396 1883 1453 Statius

41 1519 43 1523 Α
110 1489 286 1543 neque
335 1471 625 1543 ignorabat
671 1471 839 1540 idem,
876 1471 1046 1523 multo
1086 1470 1294 1523 facilius
1334 1470 1728 1543 condonaturos
1767 1490 1884 1526 esse

113 1545 360 1615 aequales
413 1544 551 1598 uitia
605 1543 881 1597 doctrinae
937 1562 1097 1612 quam
1151 1544 1428 1596 sermonis.
1511 1562 1685 1613 neque
1739 1546 1884 1599 enim

113 1618 409 1672 cantilenas
447 1617 733 1687 populares
774 1617 1009 1685 scripsit,
1057 1617 1148 1670 sed
1188 1617 1401 1669 libellos
1443 1634 1566 1670 suos
1607 1618 1674 1670 ab
1713 1618 1883 1671 homi-

113 1691 274 1744 nibus
322 1690 639 1744 cultioribus
686 1689 795 1759 legi
841 1690 1028 1742 uoluit.
1112 1691 1292 1759 itaque
1340 1690 1418 1742 sic
1464 1708 1549 1743 ars
1597 1691 1782 1744 critica
1828 1692 1885 1746 in

113 1763 267 1818 siluis
306 1766 389 1817 est
426 1762 717 1817 exercenda
756 1766 816 1815 ut
853 1780 961 1815 non
999 1762 1158 1815 nimis
1201 1780 1382 1815 seuere
1422 1763 1782 1817 examinemus
1821 1782 1886 1819 ea

51 1875 58 1906 3
114 1854 249 1907 quae
275 1836 344 1890 ad
375 1835 673 1890 doctrinam
705 1836 1107 1905 carminumque
1139 1836 1582 1905 compositionem
1616 1841 1886 1907 spectant3

111 1910 169 1964 in
207 1909 492 1964 sententiis
530 1909 663 1979 ipsis
701 1909 984 1979 uerbisque
1022 1927 1315 1978 numquam
1348 1909 1728 1963 obliuiscamur
1767 1910 1885 1964 Sta-

110 1983 248 2036 tium
286 1982 389 2036 etsi
428 1982 714 2053 aliquando
754 1982 1092 2036 audaciorem
1118 1983 1382 2051 simulque
1408 1981 1491 2051 (ut
1517 1983 1574 2035 in
1597 1985 1885 2039 eorundem

113 2056 501 2110 uocabulorum
546 2053 890 2126 repetitione)
930 2056 1409 2125 neglegentiorem,
1447 2056 1665 2109 minime
1703 2060 1887 2112 tamen

113 2129 298 2183 iudicii
337 2146 606 2199 sanaeque
637 2129 834 2182 mentis
869 2132 1140 2212 expertem
1178 2128 1369 2198 fuisse3
1410 2128 1638 2198 denique
1677 2148 1887 2214 semper

111 2203 280 2272 probe
333 2202 732 2256 meminerimus
786 2202 919 2255 haec
972 2202 1211 2255 carmina
1264 2171 1375 2255 nori
1428 2202 1484 2254 ιιι
1538 2220 1656 2255 aere
1702 2203 1887 2274 incisa,

114 2275 208 2329 sed
245 2293 342 2345 per
379 2275 651 2329 uariorum
689 2275 1029 2328 librariorum
1059 2275 1225 2328 uerba
1253 2275 1455 2328 tradita
1485 2276 1657 2345 magis
1690 2278 1886 2347 magis-

114 2367 215 2418 que
255 2348 708 2418 corrumpentium
746 2351 1045 2418 iterumque
1075 2348 1343 2401 interdum
1374 2353 1627 2417 corrupta
1657 2368 1756 2418 pro
1789 2369 1886 2404 suo

114 2425 273 2490 captu
313 2419 756 2493 corrigentium*)
797 2422 987 2475 seriem
1026 2422 1093 2474 ad
1130 2439 1230 2475 nos
1268 2422 1591 2490 peruenisse.

239 2593 284 2653 ²⁸)
328 2593 629 2639 memorabile
674 2594 811 2639 huius
855 2594 923 2639 rei
968 2595 1230 2652 exemplum
1274 2595 1419 2641 habes
1457 2595 1524 2640 III
1562 2601 1603 2652 3,
1649 2601 1703 2641 79
1754 2595 1886 2650 ‘Quis

115 2666 305 2721 superos
334 2654 546 2698 metuens
576 2651 751 2711 pariter
781 2654 855 2698 tot
883 2653 1081 2710 templa,
1119 2655 1194 2699 tot
1223 2667 1326 2699 aras
1364 2655 1672 2712 promeruisse
1703 2655 1885 2710 datur',

112 2711 162 2756 in
201 2711 370 2768 quibus
406 2725 554 2769 praua
592 2713 664 2757 est
703 2725 795 2756 uox
839 2711 1089 2756 ‘metuens’
1135 2712 1527 2770 desideraturque,
1569 2715 1622 2757 ut
1651 2714 1889 2770 perspexit

114 2767 436 2828 Marklandus‚
474 2769 604 2815 notio
645 2770 796 2827 qualis
836 2773 907 2815 est
949 2770 1205 2828 ‘minister,
1248 2772 1501 2817 sacerdos'.
1564 2771 1750 2828 scripsit
1787 2772 1885 2818 sine

114 2828 256 2875 dubio
301 2830 443 2887 poeta
490 2828 612 2886 ‘quis
660 2829 835 2887 superis
877 2829 1059 2886 parens'
1109 2807 1234 2886 (nain
1283 2831 1483 2888 ‘parere'
1535 2832 1606 2874 est
1647 2831 1858 2876 ‘seruire'
