2014 3164
631 733 707 801 P.
745 731 1137 801 PAPINII
1191 730 1500 799 STATII

488 862 541 944 S
639 863 684 942 I
777 860 1677 943 LUARUM

805 1002 1342 1056 LIBERIII.

651 1263 901 1309 STATIUS
948 1262 1171 1308 POLLIO
1220 1261 1334 1307 SUO
1382 1263 1509 1307 SAL.

336 1383 460 1436 Tibi
484 1387 640 1450 certe,
670 1383 808 1435 Polli
833 1382 1138 1435 dulcissime
1172 1385 1226 1435 et
1254 1382 1358 1434 hac
1382 1382 1467 1435 cui
1489 1385 1603 1434 tam
1627 1383 1852 1435 fideliter
1882 1385 1958 1436 in·
1997 1426 2000 1434 .

186 1456 375 1509 haeres
417 1457 594 1526 quiete
634 1457 972 1526 dignissime,
1016 1474 1127 1508 non
1171 1455 1345 1508 habeo
1385 1455 1477 1507 diu
1515 1456 1848 1524 probandam
1894 1458 1958 1509 li-

189 1530 451 1582 bellorum
490 1530 719 1582 istorum
756 1530 1134 1597 temeritatem,
1174 1546 1293 1581 cum
1332 1529 1469 1580 scias
1510 1530 1708 1581 multos
1749 1547 1811 1582 ex
1850 1531 1957 1583 illis

188 1603 244 1655 in
290 1603 413 1655 sinu
458 1605 551 1656 tuo
601 1604 780 1655 subito
826 1607 985 1655 natos
1035 1605 1088 1654 et
1131 1601 1271 1654 hanc
1318 1601 1596 1654 audaciam
1635 1603 1747 1654 stili
1784 1605 1958 1656 nostri

188 1676 494 1744 frequenter
552 1676 854 1745 expaueriS,
910 1676 1158 1744 quotiens
1210 1675 1268 1727 in
1309 1675 1456 1727 illius
1503 1675 1787 1728 facundiae
1833 1681 1956 1730 tuae

188 1749 486 1816 penetralia
535 1750 780 1801 seductus
828 1750 989 1800 altius
1045 1749 1255 1800 litteras
1309 1748 1453 1800 intro
1501 1751 1555 1799 et
1599 1749 1658 1799 in
1704 1750 1878 1801 omnis
1926 1769 1958 1802 a

187 1827 240 1874 te
282 1822 579 1874 studiorum
619 1822 768 1874 sinus
808 1822 984 1875 ducor.
1046 1838 1262 1873 securus
1295 1821 1471 1888 itaque
1510 1822 1700 1874 tertius
1739 1822 1828 1874 hic
1867 1823 1956 1875 sil-

187 1913 377 1947 uarum
414 1898 726 1947 nostrarum
763 1895 902 1947 liber
941 1894 1007 1946 ad
1044 1897 1098 1946 te
1136 1894 1383 1946 mittitur.
1443 1893 1706 1947 habuerat
1745 1896 1958 1964 quidem

189 1972 242 2020 et
287 1968 547 2021 secundus
593 1971 809 2034 testem,
856 1967 948 2020 sed
995 1967 1083 2019 hic
1127 1967 1293 2019 habet
1330 1970 1616 2021 auctorem.
1685 1986 1814 2020 nam
1850 1970 1958 2037 pri-

188 2060 335 2094 mum
382 2041 549 2093 limen
600 2042 711 2093 eius
757 2040 1014 2102 Hercules
1064 2038 1409 2092 Surrentinus
1457 2041 1646 2108 aperit,
1696 2060 1854 2110 quem
1899 2044 1957 2095 in

187 2115 346 2167 litore
392 2117 486 2167 tuo
536 2119 926 2180 consecratum,
966 2113 1151 2165 statim
1189 2116 1250 2165 ut
1286 2113 1542 2181 uideram,
1578 2114 1664 2166 his
1710 2116 1953 2168 uersibus

189 2187 424 2240 adoraui.
495 2188 734 2256 sequitur
770 2188 1008 2253 libellus,
1058 2205 1162 2254 quo
1202 2185 1694 2254 splendidissimum
1734 2191 1787 2240 et
1823 2189 1957 2242 mihi

186 2261 625 2313 iocundissimum
662 2261 931 2329 iuuenem,
968 2259 1194 2311 Metium
1232 2257 1483 2327 Celerem,
1522 2279 1554 2312 a
1593 2261 1955 2316 sacratissimo

187 2335 511 2402 imperatore
559 2334 784 2386 missum
840 2333 907 2386 ad
951 2333 1221 2401 legionem
1270 2330 1574 2400 Syriacam,
1627 2335 1752 2402 quia
1806 2336 1956 2404 sequi

186 2425 295 2460 non
332 2410 598 2475 poteram,
647 2408 722 2459 sic
759 2409 1071 2474 prosecutus
1113 2424 1245 2458 sum.
1312 2406 1619 2458 merebatur
1656 2410 1709 2459 et
1740 2405 1957 2461 ‘Claudii

186 2479 405 2533 Etrusci
452 2481 558 2531 mei
602 2480 777 2548 pietas
826 2479 1042 2548 aliquod
1089 2497 1153 2531 ex
1199 2478 1388 2531 studiis
1435 2480 1635 2531 nostris
1682 2480 1951 2549 solatium,

189 2572 308 2606 cum
356 2554 566 2622 lugeret
612 2554 755 2605 ueris
806 2552 972 2622 (quod
1019 2553 1129 2605 iam
1172 2551 1510 2604 rarissimum
1561 2551 1666 2622 est)
1719 2553 1954 2608 lacrimis

306 2727 372 2770 I‘n
400 2726 534 2770 titulo
557 2725 754 2769 salutem
778 2728 816 2766 A
841 2729 868 2766 C
892 2727 908 2781 ΙΙ
932 2730 957 2768 9
983 2724 1224 2781 expaueris
1246 2728 1284 2767 A
1307 2728 1358 2767 c:
1391 2738 1619 2780 expaueas
1644 2730 1673 2769 ς
1697 2728 1712 2782 ΙΙ
1738 2732 1791 2770 10
1814 2742 1955 2783 pene-

187 2785 297 2829 trali
335 2789 373 2827 A
413 2789 454 2840 c,
484 2798 597 2828 corr.
631 2785 696 2827 ed.
733 2784 887 2827 Parm.
929 2783 1168 2839 penetrale
1204 2783 1468 2827 Politianus
1509 2785 1515 2839 Ι
1557 2785 1725 2842 omnis]
1767 2785 1955 2832 intimos

186 2844 435 2896 Barthius;
462 2843 617 2898 potius
647 2842 764 2886 imos
786 2843 801 2897 ΙΙ
827 2847 881 2885 13
906 2847 1024 2898 puto
1054 2844 1103 2887 te
1132 2843 1300 2887 testem
1330 2843 1347 2898 ΙΙ
1377 2847 1431 2885 21
1465 2842 1559 2886 iam
1589 2843 1737 2887 rar-iss.
1769 2846 1954 2901 scripsi:

188 2902 527 2946 amarissimum
551 2906 579 2943 C
610 2916 637 2943 a
666 2900 814 2945 rariss.
850 2904 879 2944 ς
