2014 3164
190 265 295 318 102
794 261 845 305 P.
876 260 1101 304 PAPINII
1133 259 1333 303 STATII

448 383 554 436 Hic
594 381 773 450 segnis
811 380 999 448 populi
1037 379 1153 432 uias
1192 380 1448 448 grauatus
1632 373 1646 424 l
1889 391 1944 430 20

447 456 551 508 Per
590 472 806 522 campos
844 454 946 505 iter
984 470 1140 505 omne
1179 451 1476 503 detinentes

448 527 663 597 Longos
704 526 886 579 eximit
924 526 1156 578 ambitus
1194 542 1439 592 nouoque

447 601 658 654 Iniectu
697 600 892 653 solidat
929 602 1111 667 putres
1149 598 1394 666 harenaS‚

449 674 696 727 Gaudens
733 673 1006 726 Euboicae
1046 672 1261 724 domum
1300 669 1536 738 Sibyllae

451 747 835 815 Gauranosque
875 746 1022 798 sinus
1063 748 1117 797 et
1155 746 1461 796 aestuantes
1891 755 1947 795 25

452 820 667 889 Septem
706 820 980 872 montibus
1019 819 1300 870 admouere
1338 817 1515 869 Baias,

450 894 554 947 Hic
587 893 855 962 quondam
894 893 1047 961 piger
1085 910 1182 944 axe
1219 893 1405 943 uectus
1442 890 1547 943 udo

450 967 695 1020 Nutabat
733 984 885 1018 cruce
923 964 1154 1033 pendula
1191 964 1389 1032 uiator,

451 1040 820 1109 Sorbebatque
859 1042 1009 1091 rotas
1048 1038 1288 1106 maligna
1324 1037 1501 1105 teum,
1984 1089 1985 1092 ,

450 1114 524 1167 Et
560 1114 710 1182 plebs
750 1114 806 1164 in
846 1112 1034 1163 mediis
1073 1111 1267 1163 Latina
1306 1109 1508 1178 campis
1895 1103 1952 1162 30

451 1187 723 1240 Horrebat
761 1186 904 1237 mala
941 1183 1330 1253 nauigationis;

450 1260 565 1313 Nec
605 1277 788 1311 cursus
830 1258 1013 1327 agileS‚
1052 1257 1144 1310 sed
1180 1256 1496 1325 impeditum

451 1333 762 1385 Tardabant
799 1332 900 1384 iter
938 1331 1142 1383 orbitae
1180 1330 1427 1399 latentes,

451 1406 595 1458 Dum
634 1405 843 1474 pondus
882 1405 1109 1456 nimium
1148 1422 1374 1473 querens
1414 1404 1512 1455 sub
1553 1403 1665 1455 alta

451 1479 615 1548 Repit
652 1478 909 1548 languida
947 1478 1248 1546 quadrupes
1289 1479 1501 1529 statera.
1896 1489 1951 1529 35

451 1553 529 1605 At
566 1570 722 1621 nunc,
761 1569 895 1620 quae
935 1551 1165 1604 solidum
1204 1550 1343 1602 diem
1358 1550 1598 1618 terebat,

451 1625 722 1679 Horarum
760 1625 850 1680 uia
886 1625 1031 1676 facta
1068 1625 1159 1676 uix
1197 1623 1437 1676 duarum.

451 1698 579 1752 Non
615 1703 800 1751 tensae
838 1698 1117 1750 uolucrum
1155 1715 1250 1766 per
1288 1699 1433 1750 astra
1469 1714 1692 1765 pennae,

452 1771 566 1825 Nec
602 1773 837 1824 uelocius
875 1771 1040 1839 ibitis,
1079 1770 1306 1823 carinae.

451 1845 556 1898 Hic
594 1846 799 1914 primus
837 1845 991 1896 labor
1029 1843 1283 1896 incohare
1322 1843 1495 1896 sulcos
1896 1855 1953 1894 40

453 1919 528 1971 Et
565 1917 866 1970 rescindere
904 1917 1103 1968 limites
1145 1919 1199 1968 et
1237 1917 1347 1969 alto

453 1992 658 2061 Egestu
695 1991 909 2059 penitus
950 2007 1142 2042 cauare
1178 1992 1373 2057 terras3

442 2065 581 2121 ,Mox
617 2065 839 2116 haustas
881 2063 1035 2115 aliter
1071 2063 1272 2131 replere
1309 2062 1483 2115 fossas

452 2137 528 2190 Et
569 2156 777 2190 summo
817 2137 1079 2206 gremium
1118 2154 1308 2204 parare
1347 2136 1520 2204 dors0‚

452 2211 535 2264 Ne
573 2213 769 2263 nutent
808 2211 937 2278 sola,
975 2227 1041 2262 ne
1079 2209 1318 2278 maligna
1358 2209 1507 2261 sedes
1898 2220 1955 2260 45

453 2284 560 2337 Det
596 2284 796 2353 pressis
836 2283 1054 2335 dubium
1093 2283 1265 2336 cubile
1305 2283 1466 2351 saxis3

455 2358 605 2409 Tunc
642 2357 965 2409 umbonibus
1002 2357 1128 2409 hinc
1168 2359 1222 2409 et
1258 2356 1385 2408 hinc
1424 2356 1623 2408 coactis

454 2430 528 2483 Et
565 2431 765 2483 crebris
803 2431 906 2482 iter
944 2430 1167 2499 alligare
1207 2429 1469 2499 gomphiS.

308 2653 364 2693 20
397 2647 550 2704 segnis
584 2647 782 2703 (segnes)
817 2650 861 2702 ς,
894 2646 1138 2690 Heinsius:
1184 2644 1305 2691 senis
1335 2648 1387 2701 A,
1433 2649 1474 2690 et
1503 2646 1572 2689 ita
1610 2645 1682 2690 uel
1722 2645 1844 2690 seuis
1882 2649 1911 2688 0
1943 2660 1952 2703 1

189 2709 410 2766 grauatae
440 2710 478 2749 A
509 2710 562 2760 c,
601 2718 715 2751 corr.
748 2705 971 2748 Heinsius
1001 2706 1017 2761 ΙΙ
1040 2710 1095 2748 21
1127 2705 1217 2748 Per
1244 2704 1431 2762 scripsi:
1461 2704 1523 2748 Et
1551 2708 1589 2746 A
1621 2705 1765 2760 01123
1797 2705 1956 2761 putres

189 2767 240 2813 J.
276 2766 498 2811 Clericus:
537 2777 700 2821 graues
745 2768 772 2805 c
804 2778 831 2806 a
861 2765 876 2819 ΙΙ
911 2768 966 2807 27
999 2763 1090 2807 udo
1122 2763 1368 2807 Heinsius:
1398 2777 1490 2806 uno
1522 2767 1550 2804 c
1581 2778 1609 2805 a
1630 2764 1646 2819 ΙΙ
1670 2768 1724 2806 33
1757 2763 1956 2807 latentes

186 2826 514 2870 Burmannus:
553 2824 760 2867 tacentes
793 2827 820 2863 G
852 2837 879 2864 a
917 2822 1121 2866 iacentes
1154 2822 1327 2865 Markl.
1352 2823 1368 2878 ss
1390 2826 1446 2865 35
1479 2821 1618 2878 Repit
1648 2826 1686 2864 A
1719 2824 1768 2865 3:
1808 2821 1955 2878 Repe-

187 2885 252 2928 rit
283 2889 311 2926 0
341 2883 356 2941 Η
386 2888 443 2927 45
475 2896 566 2927 neu
596 2881 876 2926 Schraderus
899 2882 914 2937 ΙΙ
937 2885 993 2924 46
1025 2880 1116 2924 Det
1147 2880 1392 2924 Heinsius:
1422 2880 1483 2924 Et
1514 2884 1542 2922 c
1573 2895 1601 2922 a
1622 2881 1638 2936 ΙΙ
1668 2884 1724 2924 48
1756 2879 1847 2924 iter
1877 2893 1956 2936 ag-

183 2956 348 2998 gerare
374 2941 598 2986 Heinsius
625 2942 632 2997 Ι
658 2938 872 2997 gomphis
904 2943 963 2982 A:
996 2939 1143 2995 gonfis
1175 2943 1204 2980 c
