2014 3164
155 217 258 270 108
401 236 407 242 ·
760 220 810 263 Ρ.
842 218 1072 263 PAPINII
1102 219 1302 263 STATII

149 336 327 390 Torua
365 336 616 391 Cleonaei
645 337 773 389 iuba
811 337 1012 406 sideris,
1050 355 1179 389 exue
1218 341 1358 391 curis

148 409 340 463 Pectus
380 413 434 462 et
473 409 686 463 assiduo
726 412 892 462 temet
921 410 1099 462 furare
1137 411 1324 463 labori.

148 482 224 535 Et
264 486 445 535 sontes
486 482 660 549 operit
696 482 975 550 pharetras
1008 501 1294 552 arcumque
1325 484 1559 538 retendit
1853 501 1909 540 30

146 554 393 624 Parthus,
433 557 487 608 et
524 555 671 608 Eleis
712 556 899 624 auriga
936 556 1211 608 laboribus
1252 560 1399 609 actos

146 629 357 696 Alpheo
395 628 691 696 permulcet
729 645 908 698 equos,
947 632 1001 681 et
1037 631 1223 681 nostra
1258 630 1476 683 fatescit

146 700 485 769 Laxaturque
524 701 731 769 chelys:
769 701 910 754 uires
949 701 1177 771 instigat
1215 703 1417 771 alitque

147 773 490 842 Tempestiua
528 775 700 843 quies!
763 776 936 827 maior
972 779 1098 843 post
1129 775 1240 827 otia
1277 777 1472 828 uirtus!

147 846 292 899 Talis
334 850 550 900 cantata
585 846 827 900 Briseide
864 848 1015 900 uenit
1051 848 1290 901 Achilles
1854 865 1909 905 35

144 919 334 973 Acrior
373 923 427 972 et
463 921 654 990 positis
694 921 872 989 erupit
907 922 966 973 in
1002 920 1239 974 Hectora
1275 921 1508 990 plectris,

145 994 220 1044 'Pe
259 1011 469 1063 quoque
507 994 805 1046 flammabit
841 995 1003 1046 tacite
1040 995 1270 1062 repetita
1307 1013 1594 1064 parumper

145 1065 364 1119 Desidia
403 1069 457 1119 et
495 1067 683 1120 solitos
722 1085 896 1119 nouus
936 1067 1198 1119 exultabis
1236 1068 1294 1119 in
1333 1070 1497 1120 actus

146 1137 301 1192 Certe
339 1140 448 1192 iam
487 1139 674 1192 Latiae
711 1158 822 1192 non
861 1140 1089 1192 miscent
1124 1140 1300 1210 iurgia
1336 1141 1498 1210 legeS‚

143 1212 218 1264 Et
253 1231 440 1281 pacem
478 1213 631 1282 piger
670 1230 838 1264 annus
876 1213 1055 1280 habet,
1092 1231 1397 1283 messesque
1434 1232 1680 1268 reuersae
1850 1229 1909 1269 40

144 1285 408 1338 Dimisere
446 1286 640 1339 forum.
715 1303 815 1338 nec
850 1286 959 1338 iam
997 1286 1095 1338 tibi
1134 1287 1295 1339 turba
1331 1305 1542 1340 reorum

144 1357 427 1411 Uestibulo
461 1359 769 1428 querulique
807 1361 1004 1428 rogant
1042 1360 1186 1411 exire
1225 1360 1460 1412 clientes,

145 1430 335 1485 Cessat
373 1433 586 1484 centeni
623 1432 949 1485 moderatrix
985 1432 1173 1484 iudicis
1211 1432 1387 1502 hasta,

146 1504 262 1566 Qua
299 1505 399 1557 tibi
438 1505 654 1558 sublimi
691 1506 799 1558 iam
837 1523 979 1558 nunc
1011 1506 1355 1559 celeberrima
1391 1506 1535 1559 fama

143 1577 374 1646 Eminet,
414 1581 467 1630 et
503 1579 715 1630 iuuenis
752 1579 1004 1631 facundia
1040 1579 1297 1647 praeterit
1334 1597 1520 1632 annos.
1852 1594 1908 1634 45

143 1650 293 1703 Felix
332 1669 592 1720 curarum,
632 1651 717 1704 cui
752 1669 862 1704 non
899 1651 1182 1705 Heliconia
1219 1652 1366 1705 cordi

146 1723 299 1776 Serta
336 1742 434 1777 nec
472 1725 699 1777 inbelles
736 1723 963 1777 Parnasi
1002 1743 1030 1776 e
1067 1726 1268 1778 uertice
1304 1726 1504 1794 laurUS,

146 1797 249 1850 Sed
286 1798 436 1867 uiget
472 1798 750 1868 ingenium
789 1801 844 1850 et
879 1815 1106 1867 magnos
1147 1799 1411 1851 accinctus
1451 1799 1507 1850 in
1544 1817 1671 1851 usus

143 1870 272 1923 Fert
311 1871 522 1923 animus
562 1889 922 1939 quascumque
959 1871 1128 1923 uices:
1166 1889 1266 1924 nos
1307 1872 1417 1924 otia
1454 1873 1598 1924 uitae

146 1942 392 1996 Solamur
431 1946 591 1996 cantu
629 1947 959 2013 uentosaque
998 1943 1193 2013 gaudia
1231 1944 1408 1997 famae
1853 1960 1907 2000 50

146 2017 478 2079 Quaerimus.
555 2034 622 2069 en
661 2019 873 2086 egomet
913 2035 1156 2069 somnum
1195 2020 1250 2069 et
1286 2018 1496 2087 geniale
1537 2021 1747 2072 secutus

144 2090 444 2158 Litus,-ubi
484 2088 727 2143 Ausonio
768 2107 824 2142 se
864 2090 1103 2142 condidit
1138 2090 1358 2158 hospita
1395 2094 1555 2159 portu

143 2163 498 2232 Parthenope,
534 2166 722 2216 tenues
760 2163 959 2233 ignauo
997 2163 1188 2232 pollice
1227 2164 1452 2216 chordas

143 2236 307 2289 Pulso
346 2235 690 2305 Maroneique
730 2236 917 2289 sedens
955 2237 1012 2288 in
1051 2237 1292 2306 margine
1330 2237 1519 2306 templi

146 2308 310 2362 Sumo
350 2311 591 2362 animum
631 2313 685 2362 et
721 2310 905 2379 magni
942 2311 1163 2362 tumulis
1203 2310 1430 2363 adcanto
1470 2312 1736 2382 magistri:
1851 2326 1905 2366 55

145 2382 223 2436 At
259 2386 336 2452 1311,
377 2383 422 2435 si
460 2383 610 2453 longi
650 2401 862 2436 cursum
900 2383 1049 2435 dabit
1086 2382 1322 2453 Atropos
1362 2385 1481 2437 aeui

145 2454 379 2528 (Detque
418 2454 662 2526 precorl)
703 2455 948 2525 Latiique
989 2456 1136 2510 ducis
1181 2457 1226 2509 si
1263 2458 1484 2510 numina
1521 2461 1758 2528 pergent,

262 2735 319 2775 30
350 2731 503 2787 aperit
533 2735 561 2772 c
591 2745 640 2785 a,
678 2743 790 2775 corr.
826 2734 854 2775 ς
893 2732 909 2787 ΙΙ
947 2736 1000 2775 31
1034 2731 1171 2776 Eleos
1215 2731 1388 2776 Markl.
1427 2732 1443 2790 Ι]
1482 2737 1536 2776 32
1568 2732 1772 2790 Alpheos
1804 2739 1832 2777 c
1864 2750 1905 2790 a,

144 2802 257 2834 corr.
291 2803 321 2845 ς
349 2791 366 2846 ΙΙ
398 2795 454 2834 36
485 2789 675 2846 plectris
708 2792 737 2832 ς
770 2804 816 2833 a:
848 2790 994 2845 postis
1025 2795 1053 2832 c
1083 2792 1099 2847 ss
1129 2794 1184 2834 37
1215 2791 1371 2834 malim
1400 2791 1584 2847 placide
1608 2793 1623 2849 ΙΙ
1647 2797 1701 2836 38
1733 2792 1905 2838 solidos

145 2853 173 2890 c
197 2863 237 2904 a,
269 2861 383 2892 corr.
404 2851 433 2892 ς
457 2848 472 2905 ΙΙ
495 2852 550 2891 42
582 2849 757 2904 negant
770 2848 1073 2892 Burmannus
1095 2850 1110 2905 ΙΙ
1133 2851 1189 2892 48
1221 2849 1375 2893 malim
1403 2849 1452 2893 in
1479 2852 1608 2895 actus
1633 2852 1648 2908 ΙΙ
1672 2856 1726 2895 49
1758 2852 1905 2911 uitae]

144 2906 249 2951 miti
282 2906 456 2952 Markl.
481 2908 496 2963 ΙΙ
521 2911 575 2950 57
609 2906 648 2950 si
681 2933 732 2938 —
765 2909 962 2964 pergent
995 2907 1192 2952 Μανᾶς
1224 2908 1288 2952 sic
1318 2933 1376 2941 —
1405 2911 1605 2966 pergant
1634 2913 1672 2952 Δ
1703 2915 1732 2952 c
