2014 3164
637 201 946 248 summum
975 202 1027 248 L,
1059 202 1116 259 11,
1146 205 1189 247 4.
1722 198 1794 252 53

43 317 64 368 ss
89 325 228 378 ·erat
250 302 320 377 'et
357 324 650 395 amplexus,
687 321 779 377 sed
817 338 1076 391 aquarum
1115 320 1336 390 spiritus
1375 321 1520 374 arcet

54 404 146 483 sec
183 396 389 467 patitur
423 400 616 452 tactus.
689 394 907 450 tandem
945 394 1178 447 eluctata
1216 393 1316 447 sub
1356 409 1514 446 auras

52 569 83 591 «ιι
98 543 319 629 geniosa
355 543 516 612 leuat,
552 543 724 598 ueluti
760 532 1045 596 descendat
1082 540 1155 623 in·
1177 540 1335 623 imos·

51 619 213 688 tirpe
252 617 403 671 lacus
442 617 565 671 alia.
640 617 748 669 iam
785 632 883 668 nec
921 613 1194 668 Phoebela
1231 611 1366 666 Na1s
1737 623 1795 665 60

56 698 100 785 ’.ι
115 690 158 744 it
195 692 250 744 et
288 691 528 745 exclusos
565 690 763 743 inuitat
802 687 1016 759 gurgite
1054 704 1249 741 ramos.

77 1058 133 1112 ui
169 1075 268 1112 nec
305 1054 462 1128 pigra
499 1057 648 1127 quies
687 1074 785 1110 nec
823 1055 1007 1125 iniqua
1044 1054 1287 1124 potentia
1323 1070 1422 1106 nec
1460 1070 1581 1122 spes

73 1131 296 1202 ..px-oba,
336 1130 429 1185 sed
466 1130 671 1184 medius
711 1147 806 1199 per
841 1128 1072 1183 honesta
1110 1132 1165 1181 et
1202 1126 1378 1181 dulcia
1414 1125 1583 1195 limes,

76 1207 349 1275 ucorrupte
386 1203 544 1257 fidem
582 1203 865 1272 nullosque
906 1204 1120 1272 experte
1158 1201 1421 1254 tumultus

82 1281 108 1332 t
145 1295 341 1347 secure,
379 1277 561 1348 palam
601 1276 743 1348 quod
780 1275 977 1346 digeris
1018 1274 1203 1329 ordine
1241 1274 1428 1341 uitam,

62 1351 182 1406 dem
222 1351 338 1405 auri
376 1350 551 1405 facilis
590 1352 931 1419 contemptor
969 1351 1023 1401 et
1061 1348 1295 1418 optimus
1333 1347 1474 1400 idem
1742 1358 1799 1399 70

55 1435 256 1480 'omero
296 1423 512 1478 diuitias
552 1424 851 1493 opibusque
889 1423 1179 1475 immittere
1218 1422 1417 1475 lucem:

53 1516 150 1552 ac
185 1499 408 1568 longum
446 1497 640 1551 florens
682 1497 849 1550 animi
886 1513 1201 1565 morumque
1240 1495 1462 1548 iuuenta

85 1571 231 1627 iacos
271 1588 499 1641 aequare
538 1588 693 1624 senes
732 1573 786 1623 et
822 1570 1034 1623 uincere
1073 1570 1270 1638 persta,

0 1708 2 1715 „
52 1650 181 1699 *uos
219 1647 374 1714 pater
412 1644 626 1714 elysius,
665 1643 911 1714 genetrix
949 1660 1081 1712 quos
1121 1641 1315 1695 detulit
1352 1658 1547 1694 annos:

0 1716 2 1782 ἶ
55 1736 154 1772 -oc
192 1718 275 1772 illi
314 1717 474 1771 duras
513 1734 799 1771 exorauere
839 1733 1064 1783 sorores,
1743 1726 1799 1766 '15

0 1793 1 1798 ’
55 1796 172 1861 *oc,-
205 1808 340 1862 quae
377 1792 432 1844 te
471 1790 570 1844 sub
607 1792 746 1844 teste
786 1789 950 1842 situm
987 1788 1231 1858 fugitura
1267 1789 1535 1840 tacentem

53 1888 66 1913 a
87 1864 221 1918 rdua
257 1863 591 1935 magnanimi
628 1863 911 1917 reuirescit
948 1861 1121 1932 gloria
1158 1859 1352 1914 Blaesi.

881 2066 975 2120 IV.

595 2166 926 2213 PSITTACUS
956 2165 1241 2212 EIUSDEM.

42 2260 288 2328 'sittace‚
327 2257 432 2312 dux
469 2257 766 2326 uolucrum,
804 2257 1008 2311 domini
1045 2256 1277 2311 facunda
1314 2255 1582 2326 uoluptaS,

0 2349 1 2359 ¹
58 2337 324 2387 'umanae
363 2332 547 2385 sollers
586 2331 845 2401 imitator,
883 2331 1129 2400 psittace,
1166 2331 1397 2400 linguae,

0 2423 2 2442 ι
54 2407 171 2459 *uis
209 2407 307 2459 tua
341 2407 458 2459 tam
497 2404 675 2458 subito
714 2405 1006 2473 praeclusit
1042 2422 1317 2457 murmura
1353 2402 1509 2456 fato?

18 2483 75 2554 J}
95 2482 350 2548 esternas,
387 2477 702 2547 miserande,
741 2478 903 2547 dapes
942 2478 1232 2531 moriturus
1270 2476 1421 2529 inisti

16 2775 21 2782 ,Ἰ
157 2730 213 2771 69
253 2738 410 2771 secure
450 2724 649 2770 Markl..·
695 2726 870 2770 secrete
909 2727 947 2767 A
986 2728 1014 2766 c
1063 2724 1070 2779 Ι
1120 2724 1246 2780 quod
1283 2727 1322 2767 A
1361 2729 1410 2768 C:
1451 2724 1532 2780 qui
1569 2723 1701 2766 Dom.
1743 2736 1807 2766 cm

51 2790 163 2839 ,1ιοῖ
200 2786 217 2842 ΙΙ
256 2789 310 2830 ’11
360 2783 566 2830 Condere
611 2783 734 2837 edd.;
780 2783 996 2827 Promcre
1040 2782 1345 2834 Burmannus
1380 2785 1397 2839 ΙΙ
1438 2787 1494 2826 74
1529 2782 1674 2837 elysia
1705 2786 1733 2823 c
1764 2797 1806 2838 a,

44 2852 46 2857 ’
72 2843 228 2888 rexi.
260 2843 405 2900 elysio
435 2842 569 2889 Dom.
599 2842 616 2901 Η
648 2847 701 2887 ‘17
733 2842 984 2887 reuirescet
1013 2845 1051 2884 A
1082 2845 1126 2896 c,
1157 2855 1270 2887 corr.
1305 2846 1334 2886 ς
1362 2845 1369 2897 1
1396 2840 1539 2886 blessi
1568 2844 1607 2885 A
1637 2845 1665 2885 c

156 2901 234 2946 IV.
269 2906 298 2946 4
329 2902 576 2947 Hesternas
609 2905 662 2947 ‘32
692 2901 918 2946 Externas
951 2905 980 2943 c
1011 2915 1038 2943 a
1068 2900 1309 2946 Extremas
1343 2899 1518 2947 Markl.
