2014 3164
23 0 47 134 f

22 150 33 186 ,ὁ

22 199 43 256 »4

22 258 30 277 -l

21 289 35 426 Ξῖ
100 334 277 407 Scipio
317 336 393 391 sic
429 336 614 406 plenos
652 336 808 391 Latio
847 336 977 391 Ioue
1016 338 1203 391 ducere
1243 357 1461 393 somnos

707 217 1016 264 SILUARUM
1045 220 1098 264 L.
1129 219 1187 275 V,
1217 225 1258 264 4.
1759 222 1864 276 153

25 438 27 443 ·
100 407 344 463 Creditus
382 408 641 464 Ausoniis
681 414 736 464 et
772 428 883 464 non
923 411 1037 464 sine
1076 411 1328 480 Apolline
1368 410 1532 466 Sulla.

32 671 34 675 ,
930 629 1024 683 IV.

20 431 25 473 ι

20 514 23 620 ἑ

20 656 43 721 {a

19 728 43 829 μ
857 758 1116 805 SOMNUs

28 805 41 852 'a

33 868 42 928 -Ϋ
99 874 333 931 Crimine
372 893 476 947 quo
516 876 700 945 merui,
738 876 947 930 iuuenis
986 878 1346 947 placidissime
1386 879 1585 949 diuum,

34 947 43 990 ‘x
99 950 283 1014 Quoue
322 966 500 1003 errore
539 949 715 1019 miser,
754 950 909 1003 donis
948 954 1010 1004 ut
1049 952 1192 1005 solus
1233 969 1460 1022 egerem,

99 1021 308 1093 Somne,
345 1022 490 1076 tuis?
526 1026 672 1076 tacet
710 1041 866 1076 omne
905 1042 1065 1093 pecus
1105 1025 1452 1096 uolucresque
1493 1027 1739 1095 feraeque

95 1095 171 1151 Et
209 1096 467 1151 simulant
502 1096 673 1150 fessos
713 1099 934 1149 curuata
971 1099 1249 1151 cacumina
1279 1117 1512 1169 somnoe,

96 1169 210 1225 Nec
247 1169 488 1223 trucibus
526 1169 705 1223 fluuiis
744 1170 886 1222 idem
927 1189 1113 1239 sonus3
1155 1172 1347 1225 occidit
1385 1172 1576 1225 horror
1840 1188 1867 1228 5

96 1242 380 1314 Aequoris,
417 1245 472 1295 et
507 1242 666 1295 terris
705 1243 876 1296 maria
915 1245 1179 1297 acclinata
1218 1245 1512 1315 quiescunt.

99 1315 337 1387 Septima
373 1316 484 1369 iam
522 1315 731 1370 rediens
772 1315 986 1370 Phoebe
1027 1317 1157 1370 mihi
1197 1319 1415 1387 respicit
1454 1336 1643 1389 aegras

47 1431 49 1433 -
99 1388 253 1445 Stare
292 1405 482 1460 genas3
520 1388 748 1443 totidem
786 1389 1015 1443 Oetaeae
1055 1390 1395 1462 Paphiaeque
1434 1393 1677 1446 renident

98 1462 397 1533 Lampades
437 1465 492 1516 et
528 1462 729 1516 totiens
768 1467 985 1517 nostros
1026 1463 1281 1518 Tithonia
1320 1469 1538 1535 questus

97 1535 363 1590 Praeterit
401 1538 456 1590 et
493 1536 670 1606 gelido
709 1537 883 1605 parcit
919 1538 1174 1591 miserata
1212 1538 1442 1608 flagello.
1813 1554 1868 1594 10

98 1609 252 1664 Unde
292 1625 392 1680 ego
432 1609 732 1662 sufficiam?
770 1628 881 1663 non
921 1614 1049 1663 sunt
1087 1611 1219 1663 mihi
1259 1613 1462 1665 lumina
1501 1613 1659 1677 mille,

49 1699 51 1703 ’
100 1683 248 1747 Quae
288 1700 437 1737 sacer
474 1682 683 1736 alterna
718 1685 932 1736 tantum
972 1684 1204 1737 statione
1243 1686 1464 1738 tenebat

100 1757 280 1828 Argus
318 1760 374 1810 et
408 1756 553 1810 haud
591 1774 843 1825 umquam
883 1757 1146 1827 uigilabat
1176 1776 1395 1827 corpore
1434 1763 1565 1813 toto,

100 1830 176 1884 At
212 1847 356 1884 nunc
391 1829 505 1883 fors
545 1829 738 1899 aliquis
777 1830 940 1900 longa
980 1831 1079 1884 sub
1110 1834 1266 1884 nocte
1305 1833 1514 1900 puellae

8 1933 11 1956 ι
99 1902 332 1957 Brachia
367 1920 506 1956 nexa
542 1905 734 1956 tenens
775 1903 916 1956 ultro
955 1907 1024 1970 te,
1065 1902 1277 1974 Somne,
1316 1905 1543 1973 repellit.
1813 1920 1868 1959 15

100 1977 233 2031 Inde
270 1976 399 2030 ueni
435 1994 533 2030 nec
570 1978 626 2029 te
656 1978 801 2030 totas
834 1977 1114 2030 infundere
1152 1995 1357 2046 pennas

101 2049 420 2104 Luminibus
460 2050 720 2119 compello
759 2050 891 2103 meis
932 2048 1055 2119 (hoc
1093 2051 1254 2104 turba
1292 2055 1538 2119 precetur

102 2122 364 2195 Laetior):
403 2126 639 2177 extremo
679 2140 763 2176 me
800 2126 963 2194 tange
991 2124 1275 2177 'cacumine
1314 2125 1499 2194 uirgae

104 2195 364 2269 (Sufficit)
402 2199 497 2250 aut
533 2196 726 2249 leuiter
765 2214 1026 2265 suspenso
1063 2190 1267 2266 poplite
1304 2198 1493 2251 transi.

221 2507 308 2551 293
339 2502 542 2549 creditur
573 2506 601 2544 0
633 2517 673 2558 a,
705 2515 817 2547 corr.
850 2501 1074 2546 Heinsius
1099 2503 1105 2558 Ι
1131 2516 1217 2547 nec
1245 2516 1339 2547 non
1371 2507 1399 2545 c
1431 2518 1459 2546 a

222 2563 301 2609 IV.
341 2561 538 2608 Somnus
575 2564 613 2604 A
653 2565 703 2604 0:
741 2561 815 2604 Ad
847 2559 1066 2605 Somnum
1098 2575 1125 2604 a
1146 2562 1162 2618 ss
1185 2566 1212 2606 8
1250 2561 1463 2606 renident
1499 2563 1664 2618 scripsi
1702 2562 1730 2606 1.
1764 2563 1792 2606 l.
1819 2577 1868 2619 p.

54 2630 57 2631 ’
104 2626 223 2670 263:
260 2620 466 2666 reuisent
500 2625 539 2665 A
577 2623 606 2662 (Σ
645 2619 856 2664 reuisunt
892 2620 988 2664 edd.
1021 2621 1037 2677 ΙΙ
1069 2624 1124 2663 10
1162 2619 1314 2677 parcit
1352 2620 1653 2665 Schraderus:
1692 2621 1873 2678 spargit

105 2686 134 2725 ο
165 2697 194 2726 a
228 2677 385 2738 tangit
422 2681 595 2726 Markl.
632 2680 639 2734 Ι
665 2679 890 2735 proposui
928 2679 955 2722 l.
996 2679 1025 2725 l.
1064 2678 1179 2722 mihi
1218 2691 1320 2724 sera
1357 2681 1430 2724 uel
1467 2679 1582 2722 mihi
1612 2692 1752 2723 saeua
1773 2681 1790 2736 ΙΙ
1815 2685 1867 2723 11

106 2741 214 2786 sunt
248 2739 414 2796 scripsi
451 2740 480 2784 Ζ.
511 2740 564 2784 1..·
604 2738 643 2782 si
676 2742 704 2779 0
736 2752 764 2780 a
785 2739 801 2794 ΙΙ
827 2742 877 2781 12
913 2736 1039 2790 Quae
1070 2736 1203 2782 uafer
1231 2738 1454 2783 Heinsius
1476 2740 1491 2794 ΙΙ
1517 2742 1572 2781 14
1603 2738 1663 2781 Et
1694 2738 1869 2782 Markl.

109 2799 114 2857 Ι
149 2798 243 2844 fors
270 2798 412 2844 idem:
441 2797 554 2842 heus
585 2802 614 2840 c
646 2813 674 2840 a
704 2797 796 2840 heu
828 2800 855 2840 ς
881 2798 896 2852 ΙΙ
921 2801 973 2839 17
1006 2798 1221 2852 precatur
1252 2801 1281 2839 c
1313 2812 1353 2852 a,
1386 2810 1499 2842 corr.
1527 2800 1555 2840 ς
1579 2798 1595 2852 ΙΙ
1621 2801 1673 2840 19
1705 2796 1873 2841 leuiter

24 2888 28 2901 .
105 2860 143 2901 A
173 2860 225 2902 G:
255 2856 406 2902 leuior
429 2859 458 2901 ς
