2014 3164
742 217 1050 264 SILUARUM
1082 217 1133 262 L.
1166 216 1221 272 V,
1253 220 1294 260 2.
1794 215 1899 268 139

137 339 243 394 Par
280 339 436 409 uigor
474 341 528 391 et
565 337 833 407 membris,
870 339 1252 406 promptaeque
1292 335 1358 388 ad
1397 335 1562 389 fortia
1598 335 1741 387 uires

137 409 424 466 Sufficiunt
462 411 640 465 animo
682 413 840 479 atque
879 410 1124 479 ingentia
1162 410 1310 461 iussa
1347 411 1611 462 secuntur.

134 483 257 555 Ipse
297 500 395 555 ego
435 487 488 538 te
527 502 697 553 nuper
734 483 982 536 Tiberino
1022 483 1080 535 in
1118 482 1273 535 litore
1312 481 1437 551 uidi,

136 557 253 621 Qua
291 557 573 627 Tyrrhena
611 556 762 610 uadis
795 555 1150 610 Laurentibus
1192 558 1403 608 aestuat
1440 554 1599 623 unda,

135 629 454 684 Tentantem
495 649 681 684 cursus
720 632 1108 699 uexantemque
1147 628 1242 681 ilia
1278 628 1420 681 nuda
1817 639 1902 680 115

137 702 296 758 Oalce
334 704 526 758 ferocis
566 704 702 774 equi,
740 704 894 756 uultu
931 703 1221 771 dextraque
1260 701 1546 769 minacem3

136 774 192 831 Si
231 796 335 848 qua
372 777 503 831 fides
543 777 715 845 dictis,
755 776 934 845 stupui
971 775 1302 844 Martemque
1342 775 1544 843 putaui.

134 849 359 904 Gaetulo
400 851 476 904 sic
514 849 732 920 pulcher
771 866 905 919 equo
946 847 1281 917 Troianaque
1320 866 1583 917 quassans

134 921 267 977 Tela
303 924 615 978 nouercales
655 923 770 976 ibat
806 925 1032 975 uenator
1069 922 1125 974 in
1165 938 1324 991 agros

54 1051 55 1054 ,
136 994 398 1051 Ascanius
437 997 791 1066 miseramque
831 996 970 1064 patri
1008 995 1318 1048 flammabat
1356 994 1615 1061 Elissam3
1818 1006 1901 1047 120

57 1132 59 1134 ,
133 1068 346 1124 Troilus
383 1069 518 1124 haut
559 1070 712 1123 aliter
757 1086 889 1139 gyro
929 1068 1173 1122 breuiore
1211 1068 1479 1121 minantes

132 1142 402 1198 Eludebat
439 1161 604 1213 equos
646 1146 740 1196 aut
779 1160 934 1211 quem
974 1142 1036 1194 de
1075 1141 1313 1194 turribus
1354 1141 1477 1194 altis

132 1215 372 1271 Arcadas
411 1216 623 1287 Ogygio
663 1218 967 1270 uersantem
1006 1215 1063 1267 in
1102 1215 1318 1283 puluere
1356 1217 1561 1267 turmas

135 1287 464 1360 Spectabunt
502 1289 693 1359 Tyriae
733 1307 842 1342 non
880 1291 1035 1341 toruo
1075 1287 1276 1341 lumine
1315 1290 1528 1340 matres.

133 1362 280 1435 Ergo
321 1380 419 1434 age
459 1361 608 1434 (nam
647 1380 900 1432 magnum
940 1362 1086 1414 ducis
1125 1361 1460 1430 indulgentia
1497 1364 1739 1429 praestat
1817 1373 1901 1414 125

63 1458 66 1462 ·
135 1434 400 1507 Certaque
441 1436 534 1490 dat
571 1436 712 1490 uotis
751 1435 936 1488 hilaris
977 1435 1208 1505 uestigia
1247 1434 1450 1504 frater),

135 1507 318 1581 Surge,
358 1510 536 1564 animo
577 1512 632 1563 et
667 1510 834 1563 fortes
875 1506 1172 1562 castrorum
1212 1507 1432 1576 concipe
1473 1525 1640 1560 curas.

134 1582 517 1638 Monstrabunt
556 1583 694 1639 acies
733 1581 952 1636 Mauors
992 1581 1297 1650 Actaeaque
1336 1581 1508 1650 uirgo,

134 1655 372 1711 Flectere
413 1655 605 1711 Castor
644 1669 826 1726 equos,
864 1655 1100 1708 humeris
1139 1658 1356 1725 quatere
1397 1672 1545 1706 arma
1585 1652 1863 1722 Quirinus,

136 1729 237 1793 Qui
274 1730 376 1784 tibi
415 1732 529 1784 tam
567 1732 751 1783 tenero
790 1729 1034 1798 permisit
1072 1728 1325 1797 plaudere
1364 1727 1501 1780 collo
1816 1740 1901 1780 130

135 1802 451 1874 Nubigenae
492 1803 692 1872 clipeos
731 1802 1040 1871 intactaque
1079 1801 1330 1854 caedibus
1370 1817 1508 1852 aera.

137 1875 409 1940 Quasnam
446 1876 612 1947 igitur
649 1878 835 1943 terraS‚
874 1893 1031 1944 quem
1071 1873 1315 1928 Caesaris
1355 1873 1456 1925 ibis
1497 1873 1554 1925 in
1594 1873 1817 1926 orbem?

136 1949 435 2004 Arctoosne
476 1967 660 2004 amnes
702 1951 756 2003 et
793 1948 970 2002 Rheni
1009 1948 1179 2001 fracta
1216 1946 1430 1999 natabis

136 2022 387 2077 Flumina
426 2041 496 2077 an
534 2022 799 2077 aestiferis
839 2021 1043 2092 Libyae
1083 2020 1299 2075 sudabis
1339 2021 1396 2072 in
1436 2019 1614 2073 aruis?

258 2319 343 2361 114
383 2314 484 2369 Qua
522 2318 580 2359 A:
621 2313 708 2368 Qui
746 2317 775 2356 0
798 2315 814 2370 ΙΙ
839 2316 923 2358 115
955 2311 1232 2356 Tentantem
1262 2311 1449 2367 scripsi.-
1488 2309 1775 2356 'Pendentem
1805 2315 1843 2354 A
1874 2316 1903 2354 0

138 2373 422 2420 Pendentem
454 2377 483 2419 ς
523 2374 806 2418 Pendentem
844 2371 893 2415 in
927 2371 1082 2415 Parm.
1116 2372 1132 2427 ΙΙ
1165 2376 1246 2414 117
1279 2370 1568 2426 Martemque
1603 2370 1800 2415 Marx-1..·
1832 2384 1902 2414 ar·

138 2435 409 2490 matumque
441 2436 470 2475 0
494 2447 522 2476 a
543 2434 559 2490 ΙΙ
586 2437 668 2476 120
698 2429 845 2488 patris
876 2430 949 2474 uel
978 2442 1092 2486 puer
1125 2429 1297 2474 Mau-kl.
1327 2433 1334 2482 Ι
1360 2428 1631 2473 flammabat
1661 2429 1901 2473 Heinsius.-

136 2490 370 2552 flagrabat
399 2495 428 2534 0
461 2506 489 2535 a
516 2492 532 2548 ΙΙ
564 2495 644 2534 121
680 2489 888 2535 breuiore
921 2488 1207 2532 Gronouius:
1245 2487 1419 2533 leuiore
1450 2492 1479 2529 0
1511 2502 1539 2530 a
1566 2490 1582 2543 ΙΙ
1616 2493 1696 2531 123
1726 2489 1903 2532 turmas

66 2564 72 2577 ’·
142 2551 342 2598 Mat-kls
377 2551 526 2595 metas
566 2553 594 2592 0
626 2564 653 2592 a
697 2550 713 2606 ΙΙ
761 2552 842 2592 125
882 2561 1104 2604 magnum
1144 2547 1185 2591 d.
1218 2546 1248 2590 i.
1280 2548 1489 2603 praestat
1517 2548 1703 2602 scripsi:
1733 2559 1904 2603 magno

142 2634 197 2642 —
228 2609 384 2667 pulsat
414 2613 444 2651 0
474 2624 503 2652 a
538 2607 699 2665 magni
728 2607 862 2652 Dom.
903 2605 1053 2662 poscit
1084 2605 1259 2650 Markl.
1282 2608 1298 2663 u
1325 2610 1406 2650 126
1439 2604 1538 2649 uoti
1569 2604 1731 2662 parilis
1762 2605 1904 2649 Hein-

139 2669 238 2714 sius
267 2667 390 2714 uotis
419 2666 555 2714 laetis
574 2666 774 2719 Markl.;
804 2665 880 2710 sed
903 2663 1064 2709 hilaris
1085 2668 1148 2709 est
1170 2664 1359 2709 dati-uus
1375 2664 1579 2720 pluralis
1600 2666 1616 2719 ΙΙ
1642 2667 1724 2706 128
1749 2665 1903 2707 actea·

137 2741 231 2784 que
276 2730 334 2772 A:
378 2738 606 2783 acceaque
653 2729 682 2767 0
719 2726 736 2782 ΙΙ
776 2729 858 2768 129
906 2736 1047 2779 equos
1095 2726 1125 2767 ς
1171 2738 1219 2767 a:
1266 2737 1404 2779 eques
1436 2727 1464 2764 0
1492 2724 1498 2776 1
1526 2721 1745 2778 humeris]
1778 2721 1904 2778 gyris

144 2786 344 2840 Martem
371 2785 528 2830 malim
557 2783 700 2829 muris
722 2785 738 2840 ΙΙ
764 2787 847 2827 130
880 2783 960 2838 qui
991 2797 1039 2826 a:
1071 2781 1172 2838 quis
1203 2785 1242 2824 A
1269 2784 1337 2838 011
1361 2786 1442 2826 131
1477 2779 1746 2837 Nubigenas
1776 2781 1903 2825 Dan.

138 2845 387 2891 Heinsius:
424 2842 686 2900 Nubigeias
725 2847 755 2884 0
797 2857 825 2884 a
867 2843 883 2897 ΙΙ
937 2845 1020 2885 131
1054 2839 1272 2885 caedibus
1304 2844 1356 2885 ςι
1397 2840 1599 2883 cedimus
1638 2841 1676 2881 A
1707 2843 1736 2881 0
1763 2840 1771 2895 Ι
1797 2852 1907 2883 aera.

141 2904 342 2950 Markl.:
373 2916 503 2948 arma
532 2905 570 2946 A
601 2906 630 2944 0
653 2904 668 2958 ΙΙ
694 2905 776 2945 133
809 2901 1063 2945 Arctoosne
1093 2902 1152 2943 Az
1182 2899 1432 2944 Arctoosue
1465 2902 1492 2940 0
