2014 3164
162 197 266 250 136
760 197 809 242 Ρ.
842 196 1072 242 ΡΑΡΙΝΠ
1103 197 1303 243 STATII

157 315 315 370 Illum
356 334 541 370 omnes
582 319 780 369 acuunt
816 317 1050 384 plauSUS,
1088 317 1239 369 illum
1277 317 1391 386 ipse
1430 318 1701 370 uolantem
1862 333 1916 373 25

157 389 341 442 Puluis
382 394 435 442 et
472 391 725 442 incuruae
766 390 1001 459 gaudent
1039 406 1327 458 agnoscere
1366 393 1563 444 metae:

160 461 245 516 Sic
282 466 352 531 te,
393 464 531 515 clare
570 480 716 531 puer,
756 463 996 531 genitum
1036 463 1138 514 sibi
1177 462 1324 515 curia
1364 464 1544 533 sensit,

156 535 439 605 Primaque
479 536 706 603 patricia
746 536 936 588 clausit
972 536 1201 604 uestigia
1238 540 1379 588 luna.

158 609 285 662 Mox
324 609 516 677 Tyrios
558 627 621 661 ex
660 626 806 662 more
847 609 992 661 sinus
1030 609 1373 678 tunicamque
1411 612 1687 678 potentem

157 683 444 751 Agnouere
483 681 704 734 humeri.
782 681 873 734 sed
913 682 1052 734 enim
1089 682 1191 734 tibi
1229 699 1428 751 magna
1464 684 1692 751 parabat
1863 699 1918 739 30

157 755 242 807 Ad
280 756 469 808 titulos
509 755 751 823 exempla
789 758 958 823 pater.
1037 755 1232 824 quippe
1271 756 1360 808 ille
1398 756 1670 810 iuuentam

134 828 409 895 ,Protinus
447 828 753 898 ingrediens
793 828 1161 897 pharetratum
1199 829 1402 881 inuasit
1438 829 1653 883 Araxen

156 901 392 971 Belliger
428 901 818 972 indocilemque
857 903 971 955 fero
1013 902 1210 954 seruire
1247 900 1449 955 Neroni

156 975 482 1028 Armeniam.
557 974 718 1044 rigidi
758 993 1020 1027 summam
1059 974 1320 1027 Mauortis
1362 977 1557 1045 agebat

158 1046 414 1117 Corbu103
456 1048 548 1101 sed
587 1049 835 1101 comitem
874 1049 1002 1100 belli
1035 1048 1340 1117 sociumque
1379 1049 1625 1102 laborum
1863 1065 1918 1105 35

157 1121 256 1174 Ille
297 1140 507 1191 quoque
548 1122 778 1190 egregiis
817 1122 1044 1173 multum
1084 1121 1307 1173 miratus
1346 1122 1403 1174 in
1443 1124 1602 1176 armis

156 1194 442 1263 Bolanum3
482 1198 639 1263 atque
679 1194 758 1245 illi
796 1212 1042 1246 curarum
1082 1195 1374 1262 asperrima
1414 1200 1594 1250 suetus

157 1267 381 1321 Credere
419 1269 713 1337 partirique
752 1270 942 1336 metus,
981 1267 1122 1337 quod
1159 1270 1369 1336 tempus
1402 1270 1633 1322 amicum

155 1341 470 1409 FraudibuS,
510 1344 689 1393 exerto
730 1358 991 1410 quaenam
1031 1341 1174 1394 bona
1209 1344 1454 1410 tempora
1492 1343 1655 1413 bello,

158 1415 303 1477 Quae
343 1418 590 1483 suspecta
627 1414 757 1467 fides
799 1417 892 1467 aut
930 1433 1063 1483 quae
1097 1414 1227 1484 fuga
1263 1433 1391 1467 uera
1429 1415 1619 1469 ferocis
1863 1432 1930 1478 40,

156 1488 414 1540 Armenii.
490 1487 729 1540 Bolanus
768 1488 870 1540 iter
907 1505 1195 1556 praenosse
1234 1488 1544 1558 timendum,

155 1561 397 1614 Bolanus
435 1561 567 1614 tutis
606 1562 734 1631 iuga
772 1579 1022 1631 quaerere
1063 1561 1343 1614 commoda
1381 1563 1586 1631 castriS,

154 1634 348 1687 Metari
387 1634 626 1687 Bolanus
667 1651 840 1704 agrOS,
880 1635 1085 1704 aperire
1123 1635 1389 1704 malignas

157 1708 480 1760 Torrentum
518 1726 900 1777 nemorumque
939 1726 1117 1761 moras
1155 1711 1471 1778 tantamque
1509 1711 1726 1763 uerendi

156 1781 393 1834 Mentem
431 1782 654 1850 implere
694 1781 842 1834 ducis
881 1783 1144 1850 iussisque
1182 1782 1488 1851 ingentibus
1528 1802 1663 1836 unus
1862 1799 1918 1838 45

157 1854 421 1908 Sufficere.
495 1855 614 1922 ipsa
644 1855 819 1906 uirum
858 1858 1018 1907 norat
1056 1856 1163 1907 iam
1202 1855 1433 1907 barbara
1470 1855 1643 1925 tellus,

154 1927 252 1980 Ille
293 1928 552 1981 secundus
593 1946 726 1996 apex
765 1928 1024 1980 bellorum
1066 1931 1118 1979 et
1155 1929 1398 1996 proxima
1437 1930 1617 1982 cassis

156 2000 244 2055 Sic
282 2000 525 2070 Phryges
566 2001 799 2070 attoniti,
839 2019 1162 2070 quamquam
1199 1999 1470 2054 Nemeaea
1507 2003 1749 2056 uiderent

155 2074 324 2127 Arma
362 2073 762 2144 Cleonaeusque
802 2075 941 2127 acies
980 2074 1278 2142 impelleret
1317 2093 1470 2128 arcus

154 2147 438 2218 Pugnante
476 2147 678 2217 Alcide,
715 2150 900 2200 tamen
940 2151 991 2200 et
1029 2147 1324 2201 Telamona
1361 2148 1638 2204 timebant.
1862 2165 1918 2205 50

154 2220 330 2290 Disce,
368 2238 522 2290 puer3
561 2239 659 2273 nec
697 2223 838 2293 enim
878 2224 1094 2274 externo
1134 2223 1399 2274 monitore
1436 2223 1696 2291 petendus

154 2294 386 2348 Uirtutis
425 2294 525 2346 tibi
563 2294 785 2363 pulcher
823 2312 995 2347 amor:
1036 2298 1268 2364 cognata
1298 2295 1568 2348 ministret

154 2367 296 2421 Laus
336 2367 559 2420 animos.
635 2368 752 2420 aliis
792 2366 943 2420 Decii
980 2368 1302 2438 reducesque
1342 2366 1556 2421 Camilli

154 2441 545 2494 Monstrentur:
584 2444 645 2494 tu
685 2441 826 2494 disce
865 2445 1087 2509 patrem,
1126 2444 1462 2511 quantusque
1500 2443 1803 2512 nigrantem

273 2649 327 2689 27
367 2642 456 2689 sibi
493 2647 531 2687 A
570 2647 618 2688 σι
656 2642 705 2688 te
746 2646 774 2687 ς
820 2645 836 2700 ΙΙ
881 2649 936 2688 32
969 2657 1140 2689 araxen
1171 2649 1221 2688 c:
1260 2657 1447 2689 araxem
1479 2647 1508 2689 ς
1540 2659 1568 2687 a
1611 2646 1628 2701 ΙΙ
1673 2649 1727 2689 39
1760 2646 1917 2689 exerto

154 2703 421 2748 Liuineius.-
452 2703 608 2747 exorto
640 2705 677 2745 A
709 2703 856 2759 01140
888 2705 1102 2761 suspecta
1135 2703 1422 2748 Politianus:
1459 2705 1673 2760 suscepta
1701 2706 1740 2746 A
1770 2707 1799 2745 0
1821 2705 1837 2760 ΙΙ
1859 2708 1916 2748 43

153 2761 322 2808 Metari
350 2762 610 2806 Auantius:
640 2761 796 2805 Metiri
827 2765 863 2803 A
895 2767 923 2804 0
946 2764 962 2818 n
984 2767 1042 2806 44
1073 2762 1349 2807 Torrentum
1373 2761 1618 2806 Heinsius:
1650 2761 1742 2807 Tot
1764 2775 1917 2806 rerum

156 2825 184 2863 0
215 2836 242 2864 a
275 2822 366 2865 Tot
394 2834 588 2877 ueprum
619 2819 751 2865 Dom.
785 2821 800 2876 ΙΙ
823 2825 880 2865 48
911 2834 1074 2865 nemea
1103 2820 1167 2864 A*
1198 2825 1240 2877 0,
1273 2833 1385 2865 corr.
1421 2824 1476 2875 ς;
1508 2821 1717 2865 Lernaea
1742 2821 1914 2864 Markl.

155 2879 165 2937 Ι
197 2881 422 2937 pauerent
452 2879 673 2924 Heinsius
695 2880 711 2935 ΙΙ
735 2882 791 2923 54
822 2878 1084 2936 nigrantem
1115 2880 1372 2924 Auantius:
1404 2881 1652 2936 negantem
1684 2883 1713 2921 0
1744 2894 1771 2922 a
