2014 3164
8 0 38 146 l

10 214 29 318 ᾧ,

11 462 35 539 ’ξ

18 644 37 911 ἑ

697 248 1006 295 SILUARUM
1037 249 1089 294 L.
1122 249 1179 307 v,
1211 253 1252 294 a.

87 371 269 425 Lanea
305 370 390 425 cui
429 368 655 439 Phrygii
694 386 847 422 coma
884 367 1132 437 flaminis,
1172 371 1224 421 et
1261 371 1355 421 tua
1394 369 1622 422 multum

87 443 325 499 Uerbera
364 442 618 497 succincti
656 441 1009 496 formidauere
1046 440 1291 510 Luperci.

0 535 30 582 «ς
88 517 163 571 Et
198 534 340 570 nunc
380 533 444 570 ex
480 515 574 569 illo
613 515 799 568 forsan
837 531 998 586 grege
1037 515 1289 586 gentibus
1328 516 1465 569 alter

0 587 33 630 Ὗ·
89 589 214 644 Iura
251 589 344 643 dat
379 588 526 659 Eois,
565 589 702 642 alter
739 587 1031 658 compescit
1067 587 1315 657 Hiberos,

90 662 248 717 Alter
283 661 702 717 Achaemenium
743 662 965 715 secludit
1003 660 1291 732 Zeugmate
1331 662 1545 733 Persen,

89 735 163 789 Hi
201 736 337 790 dites
375 734 538 789 Asiae
575 736 819 806 popuIOS,
855 735 913 788 hi
951 733 1175 788 Pontica
1212 736 1442 801 frenant,

90 807 165 863 Hi
194 809 314 863 fora
349 809 585 879 pacificis
626 808 914 862 emendant
951 807 1204 878 fascibus,
1243 808 1322 860 illi

13 883 41 947 {st
93 880 283 937 Castra
320 882 412 952 pia
450 881 680 935 statione
704 884 911 935 tenent:
950 883 1009 934 tu
1042 881 1213 934 laudis
1245 882 1412 952 origo.

14 950 18 971 ³
91 954 218 1010 Non
255 955 357 1009 tibi
395 957 694 1009 certassent
731 954 987 1008 iuuenilia
1025 955 1226 1025 fingere
1265 954 1429 1009 corda

36 1070 37 1074 ,
90 1027 290 1083 Nestor
327 1031 381 1083 et
417 1028 666 1083 indomiti
705 1027 944 1082 Phoenix
983 1028 1287 1082 moderator
1324 1029 1525 1081 alumni

93 1101 298 1172 Quique
337 1101 496 1155 tubas
535 1120 684 1156 acres
723 1102 991 1170 lituosque
1031 1101 1214 1155 audire
1252 1101 1525 1156 uolentem

92 1175 362 1230 Aeaciden
401 1175 508 1229 alio
546 1175 835 1245 frangebat
873 1176 1107 1228 carmine
1147 1173 1363 1228 Chiron.

93 1247 248 1302 Talia
286 1248 412 1302 dum
449 1249 700 1318 celebras,
740 1248 973 1301 subitam
1013 1248 1187 1301 ciuilis
1219 1247 1416 1318 Erinys

94 1321 324 1392 Tarpeio
364 1322 429 1376 de
467 1324 649 1376 monte
687 1321 859 1376 facem
898 1321 1298 1391 Phlegraeaque
1336 1323 1507 1375 mouit

45 1431 47 1435 -
93 1394 318 1450 Praelia.
395 1395 670 1466 sacrilegis
711 1396 891 1448 lucent
929 1393 1199 1465 Capitolia
1229 1395 1417 1464 taedis„

47 1499 49 1502 ·
92 1467 168 1522 Et
205 1467 477 1523 Senonum
514 1469 682 1523 furias
722 1468 907 1522 Latiae
939 1486 1213 1538 sumpsere
1244 1468 1506 1523 cohortes.

93 1541 200 1596 Uix
238 1542 446 1612 requies
485 1541 733 1595 flammae
773 1542 999 1595 necdum
1038 1559 1202 1612 rogus
1250 1542 1339 1595 ille
1379 1542 1594 1596 deorum

49 1634 51 1638 ·
97 1613 320 1686 Siderat,
358 1615 548 1669 excisis
588 1633 709 1669 cum
747 1618 806 1668 tu
847 1615 1042 1668 solatia
1079 1616 1297 1684 templis

94 1687 333 1759 Impiger
372 1691 426 1742 et
462 1689 691 1742 multum
728 1688 935 1742 facibus
974 1689 1207 1742 uelocior
1243 1690 1375 1757 ipsis

98 1759 351 1815 Concinis
392 1779 483 1815 ore
521 1763 610 1831 pio
649 1763 966 1831 captiuaque
997 1762 1223 1815 fulmina
1262 1763 1435 1816 defles.

95 1833 362 1888 Mirantur
400 1834 541 1888 Latii
578 1853 825 1905 proceres
858 1837 1104 1904 ultorque
1143 1836 1362 1889 deorum

97 1906 309 1978 Caesar,
347 1910 402 1962 et
438 1925 466 1961 e
505 1908 680 1963 medio
720 1908 900 1961 diuum
939 1913 1095 1977 pater
1133 1909 1322 1961 annuit
1351 1909 1480 1979 igni.

96 1979 316 2050 Iamque
355 1985 409 2035 et
445 1981 572 2035 fiere
610 1982 700 2051 pio
739 1981 979 2035 Uesuina
1017 1982 1265 2035 incendia
1305 1986 1464 2035 cantu

4 2103 5 2108 ,
96 2053 252 2108 Mens
292 2056 408 2108 erat
447 2057 502 2108 et
539 2055 797 2124 gemitum
836 2055 1024 2124 patriis
1065 2055 1369 2124 impendere
1410 2056 1633 2125 damnis,

54 2139 55 2142 ’
99 2125 235 2182 Cum
272 2130 425 2198 pater
463 2131 767 2197 exemptum
804 2129 962 2182 terris
1003 2128 1069 2181 ad
1109 2129 1283 2182 sidera
1321 2133 1558 2183 montem

101 2199 330 2255 Sustulit
369 2202 423 2255 et
458 2201 569 2254 late
608 2202 832 2254 miseras
871 2202 1063 2254 deiecit
1099 2203 1157 2255 in
1196 2203 1368 2256 urbes

97 2273 186 2327 Me
225 2292 433 2344 quoque
470 2275 685 2328 uocales
723 2275 872 2328 lucos
912 2273 1220 2344 Boeotaque
1259 2280 1439 2345 tempe

98 2347 427 2418 pulsantem,
465 2366 585 2401 cum
625 2349 790 2417 stirpe
830 2352 924 2401 tua
955 2349 1271 2402 descendere
1304 2350 1427 2418 dixi,

58 2491 59 2494 Ἴ
103 2420 379 2475 Admisere
418 2421 569 2491 deae,
606 2439 704 2475 nec
743 2422 885 2475 enim
928 2422 1030 2474 sibi
1070 2423 1246 2475 sidera
1283 2426 1492 2476 tantum

1746 249 1848 301 149

1769 528 1852 569 185

1773 896 1858 936 190

1778 1261 1861 1303 195

1776 1629 1864 1671 200

1781 1996 1865 2036 205

1784 2364 1869 2403 210

222 2643 304 2684 183
338 2637 429 2684 Cur
457 2637 586 2696 frigii
615 2639 763 2683 lateat
795 2652 927 2683 coma
959 2643 987 2680 0
1020 2654 1068 2694 a,
1101 2653 1213 2685 corr.
1246 2642 1485 2686 Auantius
1507 2645 1522 2698 ΙΙ
1549 2647 1629 2686 187
1663 2643 1871 2686 zeumate

49 2754 51 2759 Ι
102 2702 130 2740 c
163 2699 336 2756 ι11197
375 2696 498 2743 tedis
531 2701 560 2742 ς
592 2713 641 2742 a:
673 2697 829 2742 rhedis
862 2701 889 2739 c
913 2699 929 2754 ΙΙ
955 2702 1038 2741 199
1071 2698 1261 2743 deorum
1293 2704 1343 2744 c:
1384 2701 1579 2745 duorum
1612 2705 1640 2744 ς
1674 2716 1702 2742 a
1734 2702 1750 2757 fl
1785 2705 1870 2744 202

101 2755 317 2814 Concipis
343 2756 517 2801 Markl.
541 2757 558 2813 ΙΙ
580 2760 666 2802 205
697 2756 923 2801 uesuuina
941 2760 969 2797 c
984 2764 1029 2798 ‘a
1051 2757 1067 2813 ΙΙ
1091 2761 1175 2801 207
1201 2762 1408 2803 montem
1430 2764 1487 2803 A:
1520 2762 1676 2803 monte
1694 2763 1723 2801 c
1746 2761 1762 2815 ΙΙ
1786 2764 1871 2804 209

100 2815 368 2872 Boeotaque
406 2815 572 2871 scripsi
579 2832 594 2858 .·
631 2815 853 2871 luotaque
893 2814 955 2857 A*
995 2814 1215 2873 inotaque
1254 2819 1328 2863 uel
1357 2818 1550 2874 lutaque
1590 2822 1618 2859 c
1658 2818 1871 2862 lustrata-

48 2904 55 2917 .
102 2888 192 2930 que
206 2873 340 2920 Dom.
364 2874 380 2931 ΙΙ
403 2878 487 2918 211
520 2873 611 2918 sibi
640 2875 829 2930 scripsi:
859 2873 975 2917 mihi
1008 2878 1037 2915 0
1068 2889 1096 2917 a
1126 2875 1242 2920 mihi
1275 2892 1308 2921 s.
1340 2877 1461 2921 tanti
1492 2878 1545 2920 A.
1579 2890 1616 2920 e.
1649 2879 1699 2933 t.,
1732 2890 1872 2933 quam

38 2922 69 2997 Q
100 2946 186 2978 uos
215 2928 397 2989 debere,
427 2947 473 2989 p.
509 2932 683 2977 Markl.
