2014 3164
210 223 281 276 84
811 223 860 267 Ρ.
891 222 1122 267 PAPINII
1154 223 1353 268 STATH

210 343 309 397 Cui
346 347 441 396 tua
479 362 589 396 non
626 341 842 394 humilis
882 342 1027 394 dedit
1062 342 1396 412 indulgentia
1427 344 1624 396 mores.
1893 360 1975 400 150

208 418 367 470 Hunc
408 417 667 485 siquidem
706 416 952 483 amplexu
991 434 1200 484 semper
1235 419 1520 469 reuocante
1557 417 1777 470 tenebas

209 490 448 542 Blandus
489 493 541 541 et
579 488 803 556 imperio
841 507 1134 557 numquam
1171 491 1346 557 pater3
1382 489 1540 542 huius
1579 490 1772 543 honori

209 564 438 615 Pronior
474 563 590 631 ipse
630 562 793 614 etiam
831 562 1099 631 gaudebat
1136 562 1320 614 cedere
1357 562 1537 616 frater.

212 636 353 699 Quas
392 636 492 688 tibi
530 635 709 687 deuoti
746 636 964 688 iuuenes
1003 654 1100 703 pro
1140 638 1290 703 patre
1328 639 1532 703 renato,

212 709 427 762 Summe
459 710 667 777 ducum,
700 711 894 778 grates,
927 711 1020 761 aut
1051 727 1186 777 quae
1214 709 1305 776 pia
1334 711 1465 762 uota
1494 709 1823 777 rependant?
1894 725 1978 764 155

212 783 293 834 Tu
333 781 448 851 (seu
487 782 642 834 tarda
682 783 787 834 situ
825 782 1089 850 rebusque
1127 782 1386 834 exhausta
1426 786 1669 836 senectus

210 856 431 907 Errauit
471 874 564 907 seu
601 855 802 908 blanda
841 855 929 907 diu
968 855 1208 907 Fortuna
1244 873 1547 925 regressum

210 927 427 999 Maluit)
466 929 757 981 attonitum
798 931 851 980 et
887 929 1101 981 uenturi
1138 929 1378 981 fulminis
1415 929 1552 982 ictus

210 1002 537 1055 Horrentem
576 1003 781 1054 tonitru
821 1005 1033 1054 tantum
1070 1002 1281 1070 lenique
1319 1003 1556 1070 procella

211 1075 509 1129 Contentus
549 1076 822 1127 monuisse
862 1093 1062 1142 senem3
1102 1093 1327 1144 cumque
1364 1075 1583 1128 horrida
1622 1095 1783 1145 supra
1899 1091 1980 1130 160

210 1148 466 1218 Aequora
505 1167 752 1200 curarum
792 1149 966 1200 socius
1005 1149 1192 1215 procul
1229 1147 1369 1200 Itala
1407 1167 1533 1201 rura

211 1223 517 1290 Linqueret‚
555 1222 641 1273 hic
680 1222 868 1273 molles
909 1219 1168 1288 Campani
1205 1222 1377 1274 litoris
1417 1240 1539 1275 oras

210 1296 285 1348 Et
322 1295 642 1347 Diomedeas
683 1294 969 1347 concedere
1006 1295 1183 1347 iussus
1222 1295 1279 1347 in
1318 1313 1466 1348 arces

211 1368 391 1438 Atque
428 1369 640 1436 hospeS,
678 1385 788 1420 non
827 1368 961 1435 exul,
1001 1371 1129 1420 erat.
1178 1385 1276 1420 nec
1314 1369 1468 1436 plura
1505 1372 1744 1422 moratus

210 1442 529 1494 Romuleum
568 1459 774 1493 reseras
813 1441 1023 1509 iterum,
1064 1439 1391 1510 Germanice,
1429 1443 1593 1494 limen
1897 1457 1980 1497 165

211 1514 647 1583 Maerentemque
685 1514 836 1566 foues
875 1514 1263 1583 inclinatosque
1301 1518 1519 1582 penates

211 1588 407 1657 Erigis.
459 1589 593 1640 haut
630 1588 841 1655 mirum,
879 1588 1068 1640 ductor
1105 1588 1480 1657 placidissime,
1519 1589 1731 1658 quando

211 1661 360 1714 Haec
401 1664 483 1714 est
522 1679 656 1730 quae
695 1661 852 1714 uictis
890 1662 1167 1728 parcentia
1204 1661 1418 1715 foedera
1457 1660 1645 1732 Cattis,

213 1735 465 1804 Quaeque
509 1753 663 1786 suum
702 1733 864 1786 Dacis
904 1734 1072 1788 donat
1109 1735 1391 1787 clementia
1428 1739 1682 1804 montem,

213 1808 360 1871 Quae
392 1808 551 1861 modo
582 1807 953 1860 Marcomanos
986 1811 1112 1875 post
1140 1807 1360 1860 horrida
1381 1809 1522 1860 bella
1545 1826 1818 1878 uagosque
1898 1824 1982 1864 170

213 1880 559 1934 Sauromatas
598 1879 756 1934 Latio
793 1899 906 1933 non
944 1884 1026 1933 est
1063 1881 1284 1950 dignata
1319 1881 1608 1951 triumphO.

211 1955 431 2024 Iamque
469 1955 527 2007 in
563 1955 668 2006 fine
707 1954 833 2023 dies,
872 1956 926 2006 et
962 1954 1293 2007 inexorabile
1330 1973 1556 2023 pensum

211 2027 418 2083 Deficit.
478 2028 565 2080 hic
605 2028 798 2079 maesti
835 2027 1008 2096 pietas
1046 2046 1131 2080 me
1169 2028 1348 2096 poscit
1382 2029 1614 2098 Etrusci,

213 2101 406 2163 Qualia
442 2119 540 2153 nec
581 2099 791 2153 Siculae
828 2101 1172 2154 modulantur
1210 2102 1448 2154 carmina
1484 2121 1644 2172 rupes

211 2174 325 2228 Nec
362 2175 464 2227 fati
500 2175 610 2226 iam
649 2176 825 2226 certus
865 2175 982 2227 olor
1020 2175 1272 2244 saeuique
1369 2176 1506 2229 arita
1899 2190 1981 2231 175

212 2247 424 2301 Tereos.
478 2248 584 2300 heu
623 2248 838 2317 quantis
877 2248 1171 2300 lassantem
1208 2194 1431 2302 braiffiia
1468 2250 1579 2302 uidi

211 2320 524 2374 Planctibus
564 2324 618 2373 et
654 2339 828 2389 prono
871 2320 1050 2374 fusum
1089 2340 1248 2391 super
1285 2323 1467 2376 oscula
1503 2324 1679 2376 uultu!

211 2393 319 2446 Uix
358 2394 547 2447 famuli
587 2395 912 2463 comitesque
949 2397 1150 2464 tenent,
1188 2396 1278 2448 uix
1318 2396 1512 2449 arduus
1551 2397 1693 2466 ignis

213 2466 542 2521 Summouet.
603 2467 736 2521 haut
775 2469 929 2521 aliter
967 2470 1171 2538 gemuit
1207 2487 1302 2538 per
1340 2471 1517 2538 patria
1554 2470 1787 2524 Theseus

332 2747 416 2787 155
448 2742 709 2799 rependunt
738 2747 775 2785 A
808 2748 835 2786 c
859 2745 874 2800 ΙΙ
900 2749 981 2789 157
1015 2744 1201 2788 Errabit
1224 2748 1261 2786 A
1286 2749 1328 2799 0,
1352 2757 1467 2789 corr.
1491 2745 1623 2790 Dom.
1648 2748 1664 2803 ΙΙ
1690 2751 1772 2792 159
1796 2747 1981 2804 lenique

212 2806 270 2845 A:
304 2801 488 2858 leuique
521 2806 550 2843 c
583 2802 598 2857 ss
640 2806 723 2846 164
753 2815 839 2846 nec
869 2803 1011 2861 longa
1043 2807 1072 2847 ς
1096 2804 1111 2860 ss
1138 2807 1220 2848 168
1253 2802 1369 2847 catis
1400 2807 1458 2847 A:
1498 2805 1645 2861 captis
1678 2811 1706 2848 c
1729 2808 1744 2863 ΙΙ
1769 2810 1853 2850 174
1884 2821 1982 2851 mo-

212 2862 431 2905 derantur
462 2866 490 2902 0
521 2875 572 2915 a,
604 2873 717 2904 corr.
750 2861 984 2906 Bentleius
1006 2863 1022 2919 ΙΙ
1049 2867 1131 2907 179
1166 2876 1250 2919 per
1277 2862 1431 2918 patria
1461 2864 1625 2920 scripsi
1633 2881 1647 2908 .-
1676 2865 1879 2921 periuria
1903 2870 1930 2908 c
1955 2881 1983 2908 a.

211 2919 290 2977 pia
318 2919 481 2964 funera
512 2919 734 2965 Heinsius
