2014 3164
216 239 286 292 86
818 238 867 283 Ρ.
901 237 1130 282 PAPINII
1161 238 1360 282 STATII

218 359 440 427 Semper
480 357 714 411 odoratis
755 356 1036 424 spirabunt
1074 357 1293 410 floribus
1334 375 1473 425 arae,

218 431 440 500 Semper
479 434 532 483 et
569 430 826 498 Assyrios
865 431 993 482 felix
1029 431 1179 483 bibet
1215 448 1349 482 urna
1385 430 1620 499 liquores

219 506 294 558 Et
331 505 597 572 lacrimas,
636 503 725 573 qui
764 503 934 556 maior
970 504 1158 556 honos.
1210 503 1299 556 hic
1340 521 1495 556 sacra
1531 504 1710 556 litabit

215 577 471 631 Manibus
513 595 643 646 eque
683 579 774 628 tua
811 577 1079 628 tumulum
1116 576 1306 629 tellure
1344 577 1562 629 leuabit.

221 651 423 704 Nostra
463 668 670 719 quoque
711 651 953 717 exemplo
986 651 1206 702 meritus
1238 650 1340 702 tibi
1371 650 1606 702 carmina
1639 651 1829 720 sanxit,

222 725 339 778 Hoc
379 724 541 776 etiam
581 723 817 793 gaudens
857 724 1091 775 cinerem
1130 723 1357 776 donasse
1396 724 1654 791 sepulcro·

1059 883 1154 936 IV.

759 998 995 1043 CAPILLI
1024 998 1206 1043 FLAUI
1236 998 1462 1043 EARINI.

221 1092 318 1160 lte,
357 1109 556 1159 comae,
593 1090 911 1157 facilemque
949 1106 1138 1156 precor
1174 1089 1523 1141 transcurrite
1561 1092 1804 1157 pontum,

217 1166 302 1218 Ite
342 1167 596 1217 coronato
634 1163 951 1215 recubantes
990 1161 1226 1213 molliter
1265 1179 1419 1229 aur03

222 1239 321 1306 Ite,
360 1238 510 1290 dabit
549 1254 732 1289 cursus
771 1236 918 1287 mitis
958 1232 1224 1302 Cytherea
1263 1235 1522 1287 secundos

220 1311 571 1379 Placabitque
608 1312 785 1377 notOS,
822 1309 934 1361 fors
973 1310 1026 1359 et
1063 1308 1128 1360 de
1165 1325 1344 1376 puppe
1381 1308 1620 1361 timenda

223 1384 536 1437 Transferet
572 1384 734 1452 inque
773 1400 870 1434 sua
909 1381 1065 1434 ducet
1103 1399 1264 1449 super
1302 1399 1535 1450 aequora
1573 1382 1789 1435 concha.

222 1458 422 1526 Accipe
462 1457 727 1525 laudatOS,
764 1456 972 1508 iuuenis
1011 1454 1293 1523 Phoebeie,
1333 1456 1525 1523 crines,

228 1532 374 1593 Quos
412 1531 513 1583 tibi
552 1529 842 1582 Caesareus
882 1529 1048 1581 donat
1085 1546 1232 1597 puer,
1272 1528 1450 1596 accipe
1487 1528 1657 1581 laetus

223 1606 557 1672 Intonsoque
597 1603 817 1656 ostende
855 1602 1011 1671 patri.
1066 1603 1180 1654 01110
1221 1601 1372 1654 dulce
1410 1602 1642 1654 nitentes

227 1675 518 1746 Comparet
556 1679 714 1745 atque
753 1676 843 1728 diu
881 1675 1063 1728 fratris
1102 1677 1255 1743 putet
1292 1693 1406 1727 esse
1444 1674 1623 1744 Lyaei.

224 1751 435 1805 Forsan
474 1753 527 1804 et
564 1751 679 1818 ipse
720 1767 903 1803 comae
941 1767 1234 1817 numquam
1270 1749 1499 1800 labentis
1538 1749 1800 1801 honorem

226 1824 532 1877 Praemetet
572 1826 731 1891 atque
771 1823 878 1875 alio
918 1823 1124 1874 clusum
1161 1821 1263 1874 tibi
1301 1824 1468 1889 ponet
1505 1822 1561 1873 in
1601 1840 1748 1876 01110.

226 1897 504 1967 Pergame,
542 1896 773 1964 pinifera
811 1896 1042 1947 multum
1078 1895 1283 1947 felicior
1320 1894 1438 1946 Ida!

224 1971 333 2024 Illa
371 1971 496 2023 licet
535 1988 715 2022 sacrae
754 1970 965 2037 placeat
1005 1969 1106 2020 sibi
1142 1968 1283 2020 nube
1322 1968 1543 2036 rapinae

229 2042 460 2114 (Nempe
500 2043 645 2095 dedit
684 2043 890 2111 superis
929 2042 1096 2109 illum,
1136 2059 1292 2110 quem
1330 2041 1546 2094 turbida
1586 2059 1795 2111 semper

226 2118 363 2170 Iuno
403 2117 551 2169 uidet
589 2117 892 2186 refugitque
930 2133 1149 2168 manum
1189 2117 1478 2183 nectarque
1516 2114 1766 2186 recusat),

229 2192 306 2244 At
343 2193 404 2242 tu
443 2192 597 2259 grata
637 2190 748 2243 deis
787 2189 1112 2258 pulchroque
1150 2188 1376 2258 insignis
1418 2188 1632 2241 alumno

226 2264 430 2318 Misisti
467 2263 638 2332 Latio,
676 2263 886 2332 placida
925 2280 1080 2331 quem
1119 2262 1296 2314 fronte
1335 2262 1640 2314 ministrum

227 2336 435 2406 Iupiter
473 2336 746 2390 Ausonius
783 2336 984 2405 pariter
1021 2335 1372 2404 Romanaque
1409 2334 1544 2389 Iuno

229 2409 518 2479 Aspiciunt
556 2413 609 2462 et
646 2413 870 2478 uterque
909 2410 1154 2478 probant.
1209 2426 1306 2461 nec
1343 2411 1497 2461 tanta
1534 2409 1743 2477 potenti

230 2481 519 2537 Terrarum
558 2484 771 2536 domino
813 2484 996 2535 diuum
1037 2483 1152 2535 sine
1191 2485 1369 2534 mente
1407 2483 1679 2550 uoluptas,

1905 664 1990 704 215

1946 1764 1999 1803 10

1948 2130 2001 2169 15

1947 2495 2002 2535 20

353 2706 440 2745 214
472 2715 588 2758 eque
627 2703 664 2742 A
696 2705 747 2743 c:
787 2701 929 2756 atque
970 2704 999 2745 ς
1031 2700 1170 2756 1110110
1203 2700 1375 2744 Markl.
1409 2701 1424 2756 ΙΙ
1461 2703 1545 2743 215
1578 2699 1726 2743 sancit
1757 2704 1785 2742 c
1817 2715 1857 2755 a,
1889 2713 2002 2747 corr.

234 2762 300 2806 ed.
338 2760 494 2804 Parm.

352 2819 430 2863 IV.
476 2819 680 2862 Titulwm
711 2818 814 2862 dedi
845 2831 899 2860 ex
930 2821 987 2860 A:
1030 2817 1078 2862 O.
1120 2816 1232 2860 flaui
1262 2816 1398 2860 ierini
1428 2821 1456 2858 G
1479 2818 1494 2873 ΙΙ
1519 2822 1543 2861 9
1567 2816 1726 2860 fratris
1750 2820 1807 2860 A:
1839 2817 1982 2861 fratre

236 2884 265 2921 c
288 2880 303 2934 ΙΙ
328 2883 381 2922 11
414 2878 649 2939 Premetet
679 2880 736 2919 A:
769 2876 1007 2920 Premeret
1038 2881 1065 2918 c
1096 2876 1305 2919 Proferet
1335 2875 1467 2919 Dom.
1507 2876 1522 2931 ΙΙ
1562 2880 1615 2919 13
1648 2875 1784 2919 1011ἅο
1815 2875 1980 2931 rapina

239 2939 300 2981 Μ
299 2938 412 2982 arkl.
