2014 3164
729 189 1041 237 summm
1070 189 1122 238 L.
1153 189 1211 249 11,
1243 194 1283 236 τ.
1815 167 1884 244 61

389 311 480 382 Et,
517 311 564 365 si
601 328 707 381 qua
743 310 976 364 laceram
1014 309 1158 364 diem
1195 308 1410 379 recepit,

391 383 560 439 Sertis
597 382 852 438 mollibus
883 382 1159 452 expleatur
1196 383 1402 436 umbra.
1833 397 1888 438 15

389 456 619 512 Centum
655 455 966 527 Thespiacis
1004 455 1172 509 odora
1208 456 1343 509 lucis

391 529 549 585 Stent
587 529 780 583 altaria
815 529 1172 598 uictimaeque
1211 539 1440 597 centum,

389 602 536 667 Quas
574 601 734 657 Dirce
771 603 922 656 lauat
958 604 1052 655 aut
1097 601 1196 654 alit
1231 599 1536 656 Cithaeron.

389 676 664 731 Lucanum
702 676 959 744 canimus,
994 675 1175 728 fauete
1212 674 1425 744 linguis,

388 748 588 803 Uestra
627 751 710 802 est
739 749 847 802 ista
877 748 1004 817 dies,
1044 748 1239 817 fauete,
1276 746 1479 816 Musae,
1833 762 1891 804 2ο

388 822 534 877 Dum
573 822 664 892 qui
701 839 800 875 uos
840 821 1081 891 geminas
1118 821 1247 874 tulit
1283 837 1379 890 per
1417 824 1575 890 artes,

389 895 465 950 Et
501 895 715 949 uinctae
753 894 886 964 pede
924 894 1073 948 uocis
1112 896 1166 947 et
1204 893 1427 963 solutae,

388 968 621 1023 Romani
659 968 851 1022 colitur
888 967 1038 1021 chori
1076 967 1342 1021 sacerdos.

389 1041 542 1096 Felix
578 1041 683 1095 heu
721 1042 884 1095 nimis
923 1043 978 1094 et
1014 1041 1176 1095 beata
1211 1040 1390 1110 tellus,

391 1114 539 1179 Quae
577 1131 778 1184 pronos
816 1113 1144 1184 Hyperionis
1183 1117 1393 1167 meatus
1835 1128 1892 1168 25

392 1187 627 1242 Summis
667 1188 852 1242 oceani
890 1187 1039 1241 uides
1077 1187 1136 1240 in
1174 1187 1331 1241 undis

392 1259 790 1331 Stridoremque
829 1264 978 1314 rotae
1018 1259 1257 1314 cadentis
1298 1260 1466 1331 audis,

390 1334 538 1398 Quae
577 1334 854 1387 Tritonide
891 1334 1095 1387 fertiles
1133 1333 1377 1387 Athenas

389 1406 597 1477 Unctis,
634 1406 867 1476 Baetica,
904 1424 1166 1476 prouocas
1203 1407 1454 1476 trapetis:

390 1479 667 1535 Lucanum
704 1483 858 1550 potes
897 1481 1146 1549 inputare
1182 1481 1361 1533 terris!
1836 1494 1893 1536 30

390 1553 511 1608 Hoc
547 1554 669 1623 plus
709 1571 871 1623 quam
911 1550 1167 1606 Senecam
1205 1553 1412 1606 dedisse
1450 1553 1650 1607 mundo

393 1626 508 1680 Aut
545 1627 754 1680 dulcem
792 1643 1076 1697 generasse
1114 1625 1428 1680 Gallionem.

390 1699 631 1754 Attollat
666 1700 861 1753 refluos
898 1700 956 1752 in
995 1702 1142 1752 astra
1179 1699 1356 1752 fontes

392 1772 554 1826 Graio
592 1773 826 1826 nobilior
862 1772 1059 1825 Melete
1097 1771 1303 1840 Baetis;

392 1845 617 1915 Baetim,
654 1845 895 1914 Mantua,
934 1861 1229 1914 prouocare
1267 1845 1392 1899 noli.
1837 1859 1894 1899 35

392 1917 598 1972 Natum
637 1919 880 1989 protinus
920 1920 1081 1988 atque
1111 1918 1334 1971 humum
1373 1935 1469 1987 per
1505 1918 1682 1988 ipsam

393 1991 574 2046 Primo
612 2009 883 2045 murmure
921 1992 1072 2045 dulce
1109 1992 1420 2061 uagientem

394 2064 605 2119 Blando
644 2064 887 2134 Calliope
926 2065 1047 2118 sinu
1085 2065 1299 2134 recepit.

395 2138 533 2191 Tum
570 2139 803 2208 primum
841 2138 1020 2207 posito
1058 2138 1283 2191 remissa
1319 2137 1467 2191 luctu

392 2210 609 2282 Longos
648 2210 891 2280 Orpheos
931 2211 1076 2264 exuit
1114 2211 1323 2265 dolores
1840 2223 1897 2264 40

394 2284 469 2338 Et
506 2284 660 2338 dixit:
701 2284 861 2354 ‘puer
899 2302 931 2338 0
969 2284 1143 2337 dicate
1181 2283 1373 2352 MusiS,

393 2356 713 2428 Longaeuos
753 2357 860 2411 cito
897 2358 1189 2410 transiture
1228 2360 1396 2426 uateS,

250 2596 307 2636 14
343 2591 544 2637 laceram
586 2591 773 2648 scripsi.-
810 2591 945 2648 pater
975 2591 1058 2634 aut
1086 2594 1120 2633 L
1152 2593 1183 2634 ς
1220 2591 1356 2647 patet
1384 2590 1468 2635 aut
1497 2595 1527 2632 ο
1557 2604 1586 2633 s.
1622 2590 1835 2646 pateram
1868 2592 1898 2632 ς

59 2686 62 2687 ⁷
131 2649 343 2708 patulam
378 2650 551 2695 Markl.
582 2650 598 2707 ΙΙ
634 2654 688 2694 16
718 2648 937 2706 tespiacis
967 2653 1000 2691 1.
1030 2650 1047 2705 ΙΙ
1079 2652 1133 2692 18
1164 2647 1291 2708 dirce
1321 2652 1364 2693 et
1394 2649 1490 2692 alid
1520 2653 1554 2691 L
1576 2650 1592 2705 ΙΙ
1614 2653 1672 2692 20
1702 2647 1791 2691 iste
1821 2651 1854 2689 L
1884 2646 1901 2704 {1

55 2756 57 2758 ,
131 2713 190 2754 24
226 2709 334 2766 heu]
375 2722 402 2754 ο
444 2708 618 2753 Markl.
648 2710 664 2764 ΙΙ
695 2712 751 2752 25
782 2707 1014 2765 yper-ionis
1043 2711 1076 2750 L
1108 2709 1124 2763 ΙΙ
1153 2711 1210 2752 26
1240 2707 1393 2762 uides3
1428 2707 1479 2751 ui
1509 2720 1564 2751 ex
1594 2719 1709 2750 corr.
1739 2707 1793 2749 in
1821 2709 1855 2748 L
1884 2705 1900 2761 Η

132 2771 189 2813 28
233 2765 428 2813 tritonid
502 2771 544 2811 et
589 2767 775 2812 atheras
820 2771 853 2809 1.
890 2767 906 2823 ΙΙ
946 2771 1002 2810 29
1049 2765 1195 2811 u&ica
1238 2776 1383 2823 prono
1416 2764 1688 2821 castrapetis
1718 2768 1751 2806 L
1789 2765 1805 2820 ΙΙ
1842 2768 1900 2808 34

53 2846 66 2862 r
131 2825 402 2871 m&eleb&is
494 2825 512 2882 ΙΙ
541 2830 598 2870 35
628 2825 764 2870 b&im
794 2829 827 2867 L
858 2827 874 2881 ΙΙ
904 2829 960 2869 36
992 2823 1112 2881 aque
1141 2828 1185 2869 et
1211 2823 1364 2881 ipsum
1394 2828 1427 2866 L
1458 2825 1475 2880 ss
1504 2828 1559 2868 37
1590 2823 1792 2880 primum
1822 2827 1855 2865 L
1886 2822 1901 2880 Η

59 2939 61 2942 ⁴
134 2888 190 2930 38
221 2884 401 2942 caliope
435 2888 469 2927 L
491 2884 508 2942 ΙΙ
531 2889 588 2929 40
621 2884 768 2929 orfeos
799 2887 837 2926 A
860 2888 893 2926 L
915 2885 932 2940 ΙΙ
954 2887 1009 2927 41
1041 2896 1184 2940 puero
1216 2883 1304 2927 dic.
1336 2887 1369 2925 L
