2014 3164
690 213 1003 260 SILUARUM
1032 214 1085 260 L.
1116 213 1173 270 V,
1204 218 1246 259 3.
1747 214 1849 266 151

89 334 165 388 Te
205 335 319 390 sine
357 338 411 389 et
449 334 669 389 orbatae
708 333 946 403 caligant
983 333 1104 386 uela
1142 333 1371 387 carinae.

87 407 202 463 Nec
240 408 413 463 solum
450 408 604 477 larga
640 409 839 460 memet
875 405 1074 475 pietate
1112 405 1358 459 fouebas:

88 480 234 535 Talis
274 483 328 535 et
364 481 422 535 in
458 480 744 535 thalamos.
819 497 926 532 una
962 479 1063 533 tibi
1103 479 1322 548 cognita
1357 479 1517 532 taeda
1768 493 1854 534 240

26 563 34 627 ’ἡ
90 552 349 619 Conubia,
387 571 523 608 unus
563 572 727 607 amor.
805 555 946 606 certe
985 551 1262 622 seiungere
1301 555 1529 606 matrem

28 683 29 691 ἵ
88 626 206 682 Iam
244 626 434 698 gelidis
472 644 678 697 nequeo
709 626 906 695 bustis3
941 628 996 678 te
1028 626 1192 678 sentit
1220 625 1503 695 habetque,

90 699 166 754 Te
204 699 351 754 uidet
387 702 442 754 et
476 701 712 753 tumulos
752 702 976 769 ortuque
1016 698 1270 767 obituque
1310 700 1525 768 salutat,

15 779 34 835 ῑ.
89 771 166 827 Ut
195 772 421 827 Pharios
461 774 596 827 aliae
633 774 760 826 ficta
796 773 998 842 pietate
1038 771 1249 825 dolores

90 845 521 917 Mygdoniosque
561 847 745 900 colunt
783 849 836 899 et
873 862 984 899 non
1023 863 1120 898 sua
1157 845 1347 898 funera
1384 845 1616 914 plorant.
1768 858 1854 899 245

14 927 37 979 ÷;
91 919 232 983 Quid
268 919 496 973 referam
534 919 806 989 expositos
847 921 1059 972 seruato
1097 918 1331 988 pondere
1370 918 1584 971 mores?

31 990 38 1050 'J
91 991 237 1056 Quae
275 993 463 1063 pietas,
501 1011 662 1063 quam
699 992 806 1046 uile
845 992 1065 1061 lucrum,
1104 1009 1237 1061 quae
1269 1009 1396 1045 cura
1434 992 1669 1061 pudoris,

91 1065 337 1130 Quantus
377 1084 528 1120 amor
565 1066 734 1119 recti‘»>
771 1083 1074 1135 rursusque,
1112 1065 1204 1118 ubi
1244 1064 1396 1119 dulce
1435 1065 1649 1133 remitti,

91 1138 279 1193 Gratia
317 1157 452 1210 quae
491 1139 687 1193 dictis?
727 1140 905 1192 animo
944 1156 1105 1208 quam
1144 1138 1294 1191 nulla
1333 1139 1615 1192 senectus?

93 1212 194 1267 His
231 1212 333 1266 tibi
371 1230 470 1281 pro
508 1212 713 1266 meritis
752 1212 954 1265 famam
992 1211 1280 1281 laudesque
1319 1212 1582 1282 benignas
1772 1225 1856 1266 250

42 1343 43 1347 ,
91 1285 256 1340 Iudex
295 1303 422 1339 cura
459 1285 616 1339 deum
654 1286 908 1354 nulloque
947 1303 974 1337 e
1013 1286 1232 1338 uulnere
1271 1285 1452 1338 tristes

92 1357 386 1414 concessit.
459 1359 678 1428 raperis,
717 1359 943 1428 genitor,
981 1376 1092 1411 non
1131 1358 1345 1428 indigus
1386 1358 1520 1427 aeui,

91 1431 218 1487 Non
252 1432 466 1502 nimius,
502 1432 762 1502 trinisque
801 1431 982 1485 decem
1021 1432 1387 1502 quinquennia
1425 1432 1606 1485 lustris

45 1507 47 1510 ’
91 1505 281 1560 Iuncta
318 1505 510 1559 ferens.
585 1506 678 1559 sed
715 1522 799 1558 me
838 1505 1012 1574 pietas
1051 1523 1331 1558 numerare
1371 1504 1626 1575 dolorque

92 1577 219 1633 Non
258 1578 399 1649 sinit,
438 1596 469 1632 o
506 1577 692 1648 Pylias
731 1580 849 1631 aeui
888 1578 1264 1631 transcendere
1304 1581 1474 1631 metas
1774 1591 1859 1633 255

9 1670 10 1681 ¹
91 1650 167 1706 Et
203 1650 437 1706 Teucros
476 1668 703 1722 aequare
744 1670 910 1717 seneS,
950 1671 981 1706 o
1014 1651 1174 1722 digne
1213 1651 1392 1704 uidere

10 1726 11 1787 ἴ
92 1724 182 1779 Me
220 1725 469 1779 similem!
510 1725 604 1778 sed
641 1742 738 1779 nec
777 1726 872 1779 leti
910 1725 1012 1778 tibi
1049 1726 1214 1778 ianua
1250 1725 1421 1778 tristis

11 1806 13 1839 ὲ
51 1842 53 1845 .
119 1798 324 1868 Quippe
353 1798 499 1852 leues
537 1797 768 1870 causae),
805 1817 903 1852 nec
934 1799 1115 1868 segnis
1152 1798 1277 1851 tabe
1317 1798 1470 1851 senili

144 1872 286 1926 xitus
323 1871 550 1925 instanti
586 1872 865 1941 praemisit
902 1873 1142 1925 membra
1181 1872 1438 1940 sepulcrO,

53 1995 55 1999 ,
96 1944 200 1999 Sed
237 1947 292 1998 te
330 1947 518 2013 torpor
554 1945 698 1999 iners
738 1948 791 1998 et
830 1964 975 1999 mors
1013 1946 1226 1998 imitata
1264 1945 1495 2014 quietem
1775 1958 1862 1999 260

94 2017 370 2087 Explicuit
406 2018 650 2088 falsoque
685 2018 813 2071 tulit
852 2019 950 2072 sub
990 2019 1217 2071 Tartara
1256 2036 1459 2071 somno,

96 2091 242 2156 Quos
280 2107 380 2161 ego
417 2093 548 2145 tunc
579 2091 846 2162 gemitus?
885 2093 1138 2145 comitum
1179 2110 1370 2144 manus
1408 2091 1567 2144 anxia
1605 2090 1753 2156 uidit,

93 2164 249 2220 Uidit
285 2167 340 2218 et
377 2166 678 2235 exemplum
717 2166 960 2235 genetrix
997 2166 1288 2235 gauisaque
1327 2165 1498 2233 nouit,

97 2238 245 2301 Quae
281 2238 520 2292 lamenta
556 2238 672 2292 tuli.
747 2239 960 2291 ueniam
999 2238 1286 2306 concedite,
1325 2256 1524 2307 maneS‚

96 2311 200 2366 Fas
241 2311 453 2382 dixisse,
489 2315 663 2381 pater:
701 2329 811 2364 non
848 2314 910 2367 tu
948 2312 1080 2364 mihi
1117 2313 1273 2380 plura
1313 2312 1563 2365 dedisses
1775 2324 1861 2365 265

245 2606 330 2647 241
369 2601 608 2659 seiungere
645 2601 803 2646 Doms
842 2600 1074 2658 siiungere
1120 2599 1191 2644 A*
1233 2605 1262 2643 0
1307 2603 1323 2658 ΙΙ
1369 2606 1453 2645 242
1493 2603 1541 2646 te
1581 2602 1703 2646 εάᾱ..ι
1748 2603 1863 2645 etc

97 2675 125 2704 a
146 2662 162 2718 ΙΙ
185 2664 269 2705 251
301 2659 446 2705 Iudex
473 2660 755 2705 Ac.1ndex
787 2663 816 2704 ς
848 2659 1029 2704 Uindex
1060 2660 1157 2704 edd.
1186 2662 1193 2716 Ι
1219 2659 1403 2704 tristem
1435 2664 1521 2715 Ga,
1553 2673 1667 2704 corr.
1687 2659 1860 2705 Markl.

96 2718 434 2822 &1253me
469 2717 659 2775 trinisq3
699 2723 757 2763 A:
797 2718 950 2762 minus
990 2718 1182 2775 crinisq;
1222 2723 1252 2760 0
1296 2720 1313 2776 ΙΙ
1357 2723 1443 2763 258
1475 2719 1630 2763 malim
1661 2718 1863 2775 (Quippe

115 2791 196 2823 ues
235 2790 377 2823 causa
413 2778 501 2835 est)
535 2779 542 2832 ς
569 2778 724 2835 segnis
754 2781 811 2821 A.
845 2791 1009 2834 segnes
1040 2779 1103 2833 0]
1129 2777 1239 2822 tabe
1271 2777 1558 2822 Gronouius:
1591 2777 1698 2821 labe
1730 2782 1758 2819 0
1790 2792 1818 2820 a
1848 2777 1864 2835 Η

97 2840 183 2882 269
220 2835 464 2904 praemisit
499 2839 538 2880 A
576 2840 626 2881 0:
667 2836 878 2894 permisit
915 2851 943 2879 a
985 2835 1201 2893 promisit
1238 2836 1502 2881 Gronouius
1546 2838 1562 2893 ΙΙ
1607 2841 1693 2881 263
1733 2825 1865 2880 nouit

38 2900 43 2903 ’
95 2894 254 2940 Dona„-
282 2894 416 2940 uouit
443 2893 507 2938 A*
536 2898 567 2938 0
