<?xml version="1.0" encoding="UTF-8"?>
<!DOCTYPE html PUBLIC "-//W3C//DTD XHTML 1.0 Transitional//EN"
    "http://www.w3.org/TR/xhtml1/DTD/xhtml1-transitional.dtd">
<html xmlns="http://www.w3.org/1999/xhtml" xml:lang="en" lang="en">
 <head>
  <title>
</title>
<meta http-equiv="Content-Type" content="text/html;charset=utf-8" />
  <meta name='ocr-system' content='tesseract 3.04.00' />
  <meta name='ocr-capabilities' content='ocr_page ocr_carea ocr_par ocr_line ocrx_word'/>
</head>
<body>
  <div class='ocr_page' id='page_1' title='image "./operapapinius01statuoft_0135.png"; bbox 0 0 2014 3164; ppageno 0'>
   <div class='ocr_carea' id='block_1_1' title="bbox 690 177 1857 236">
    <p class='ocr_par' dir='ltr' id='par_1_1' title="bbox 690 177 1857 236">
     <span class='ocr_line' id='line_1_1' title="bbox 690 177 1857 236; baseline 0.011 -12"><span class='ocrx_word' id='word_1_1' title='bbox 690 177 999 225; x_wconf 82' lang='lat' dir='ltr'><strong>SILUARUM</strong></span> <span class='ocrx_word' id='word_1_2' title='bbox 1031 179 1080 226; x_wconf 89' lang='lat' dir='ltr'><strong>L.</strong></span> <span class='ocrx_word' id='word_1_3' title='bbox 1112 179 1190 235; x_wconf 90' lang='lat' dir='ltr'><strong>IV,</strong></span> <span class='ocrx_word' id='word_1_4' title='bbox 1222 184 1265 225; x_wconf 83' lang='lat'><strong>4.</strong></span> <span class='ocrx_word' id='word_1_5' title='bbox 1753 183 1857 236; x_wconf 89' lang='grc'><strong>109</strong></span> 
     </span>
    </p>
   </div>
   <div class='ocr_carea' id='block_1_2' title="bbox 1 296 1859 2266">
    <p class='ocr_par' dir='ltr' id='par_1_2' title="bbox 39 296 1709 442">
     <span class='ocr_line' id='line_1_2' title="bbox 87 296 1709 372; baseline 0.002 -19.885"><span class='ocrx_word' id='word_1_6' title='bbox 87 296 256 361; x_wconf 85' lang='lat' dir='ltr'><strong>Quem</strong></span> <span class='ocrx_word' id='word_1_7' title='bbox 294 297 396 352; x_wconf 90' lang='lat' dir='ltr'><strong>tibi</strong></span> <span class='ocrx_word' id='word_1_8' title='bbox 432 298 742 369; x_wconf 88' lang='lat' dir='ltr'><strong>posthabito</strong></span> <span class='ocrx_word' id='word_1_9' title='bbox 783 297 1018 352; x_wconf 86' lang='lat' dir='ltr'><strong>studium</strong></span> <span class='ocrx_word' id='word_1_10' title='bbox 1058 301 1140 352; x_wconf 91' lang='lat' dir='ltr'><strong>est</strong></span> <span class='ocrx_word' id='word_1_11' title='bbox 1178 299 1406 354; x_wconf 88' lang='lat' dir='ltr'><strong>coluisse</strong></span> <span class='ocrx_word' id='word_1_12' title='bbox 1445 299 1709 372; x_wconf 77' lang='lat' dir='ltr'><strong>Tonante,</strong></span> 
     </span>
     <span class='ocr_line' id='line_1_3' title="bbox 39 361 1340 442; baseline 0.001 -17"><span class='ocrx_word' id='word_1_13' title='bbox 39 361 293 442; x_wconf 15' lang='lat' dir='ltr'><strong>*Quique</strong></span> <span class='ocrx_word' id='word_1_14' title='bbox 330 373 453 425; x_wconf 91' lang='lat' dir='ltr'><strong>tuos</strong></span> <span class='ocrx_word' id='word_1_15' title='bbox 493 371 599 425; x_wconf 92' lang='lat' dir='ltr'><strong>alio</strong></span> <span class='ocrx_word' id='word_1_16' title='bbox 640 371 875 425; x_wconf 84' lang='lat' dir='ltr'><strong>subtexit</strong></span> <span class='ocrx_word' id='word_1_17' title='bbox 913 388 1130 424; x_wconf 90' lang='lat' dir='ltr'><strong>munere</strong></span> <span class='ocrx_word' id='word_1_18' title='bbox 1167 371 1340 426; x_wconf 88' lang='lat' dir='ltr'><strong>fasces</strong></span> 
     </span>
    </p>

    <p class='ocr_par' dir='ltr' id='par_1_3' title="bbox 36 443 1858 572">
     <span class='ocr_line' id='line_1_4' title="bbox 85 443 1858 514; baseline 0.002 -16"><span class='ocrx_word' id='word_1_19' title='bbox 85 443 160 498; x_wconf 85' lang='lat' dir='ltr'><strong>Et</strong></span> <span class='ocrx_word' id='word_1_20' title='bbox 198 444 374 514; x_wconf 89' lang='lat' dir='ltr'><strong>spatia</strong></span> <span class='ocrx_word' id='word_1_21' title='bbox 412 444 663 514; x_wconf 75' lang='lat' dir='ltr'><strong>antiquae</strong></span> <span class='ocrx_word' id='word_1_22' title='bbox 702 445 923 498; x_wconf 88' lang='lat' dir='ltr'><strong>mandat</strong></span> <span class='ocrx_word' id='word_1_23' title='bbox 958 462 1216 498; x_wconf 89' lang='lat' dir='ltr'><strong>renouare</strong></span> <span class='ocrx_word' id='word_1_24' title='bbox 1254 444 1501 500; x_wconf 89' lang='lat' dir='ltr'><strong>Latinae:</strong></span> <span class='ocrx_word' id='word_1_25' title='bbox 1801 461 1858 502; x_wconf 87' lang='grc'><strong>60</strong></span> 
     </span>
     <span class='ocr_line' id='line_1_5' title="bbox 84 516 1325 572; baseline -0.001 -0.037"><span class='ocrx_word' id='word_1_26' title='bbox 84 516 336 572; x_wconf 78' lang='lat' dir='ltr'><strong>Forsitan</strong></span> <span class='ocrx_word' id='word_1_27' title='bbox 375 516 642 572; x_wconf 88' lang='lat' dir='ltr'><strong>Ausonias</strong></span> <span class='ocrx_word' id='word_1_28' title='bbox 682 517 786 572; x_wconf 85' lang='lat' dir='ltr'><strong>ibis</strong></span> <span class='ocrx_word' id='word_1_29' title='bbox 825 518 1038 571; x_wconf 88' lang='lat' dir='ltr'><strong>frenare</strong></span> <span class='ocrx_word' id='word_1_30' title='bbox 1078 517 1325 571; x_wconf 86' lang='lat' dir='ltr'><strong>cohortes</strong></span> 
     </span>
    </p>

    <p class='ocr_par' dir='ltr' id='par_1_4' title="bbox 35 589 1472 662">
     <span class='ocr_line' id='line_1_6' title="bbox 35 589 1472 662; baseline 0.001 -18"><span class='ocrx_word' id='word_1_31' title='bbox 35 590 42 662; x_wconf 67' lang='grc'>5</span> <span class='ocrx_word' id='word_1_32' title='bbox 85 589 198 644; x_wconf 90' lang='lat' dir='ltr'><strong>Aut</strong></span> <span class='ocrx_word' id='word_1_33' title='bbox 234 590 412 644; x_wconf 88' lang='lat' dir='ltr'><strong>Rheni</strong></span> <span class='ocrx_word' id='word_1_34' title='bbox 449 592 679 661; x_wconf 90' lang='lat' dir='ltr'><strong>populos</strong></span> <span class='ocrx_word' id='word_1_35' title='bbox 719 594 812 645; x_wconf 92' lang='lat' dir='ltr'><strong>aut</strong></span> <span class='ocrx_word' id='word_1_36' title='bbox 848 591 1034 662; x_wconf 83' lang='lat' dir='ltr'><strong>nigrae</strong></span> <span class='ocrx_word' id='word_1_37' title='bbox 1073 591 1233 645; x_wconf 88' lang='lat' dir='ltr'><strong>litora</strong></span> <span class='ocrx_word' id='word_1_38' title='bbox 1270 591 1472 645; x_wconf 86' lang='lat' dir='ltr'><strong>Thules</strong></span> 
     </span>
    </p>

    <p class='ocr_par' dir='ltr' id='par_1_5' title="bbox 31 662 1579 735">
     <span class='ocr_line' id='line_1_7' title="bbox 31 662 1579 735; baseline 0.001 -18"><span class='ocrx_word' id='word_1_39' title='bbox 31 680 41 708; x_wconf 55' lang='grc' dir='ltr'><strong>λ</strong></span> <span class='ocrx_word' id='word_1_40' title='bbox 85 663 198 718; x_wconf 87' lang='lat' dir='ltr'><strong>Aut</strong></span> <span class='ocrx_word' id='word_1_41' title='bbox 233 662 480 718; x_wconf 87' lang='lat' dir='ltr'><strong>Histrum</strong></span> <span class='ocrx_word' id='word_1_42' title='bbox 519 682 733 719; x_wconf 88' lang='lat' dir='ltr'><strong>seruare</strong></span> <span class='ocrx_word' id='word_1_43' title='bbox 772 664 928 719; x_wconf 91' lang='lat' dir='ltr'><strong>datur</strong></span> <span class='ocrx_word' id='word_1_44' title='bbox 965 664 1352 734; x_wconf 90' lang='lat' dir='ltr'><strong>metuendaque</strong></span> <span class='ocrx_word' id='word_1_45' title='bbox 1391 670 1579 735; x_wconf 84' lang='lat' dir='ltr'><strong>portae</strong></span> 
     </span>
    </p>

    <p class='ocr_par' dir='ltr' id='par_1_6' title="bbox 31 735 1553 807">
     <span class='ocr_line' id='line_1_8' title="bbox 31 735 1553 807; baseline 0.001 -17"><span class='ocrx_word' id='word_1_46' title='bbox 31 750 55 782; x_wconf 61' lang='grc' dir='ltr'><strong>ε’</strong></span> <span class='ocrx_word' id='word_1_47' title='bbox 85 735 296 790; x_wconf 89' lang='lat' dir='ltr'><strong>Limina</strong></span> <span class='ocrx_word' id='word_1_48' title='bbox 336 735 640 807; x_wconf 79' lang='lat' dir='ltr'><strong>Caspiacae.</strong></span> <span class='ocrx_word' id='word_1_49' title='bbox 701 755 801 791; x_wconf 90' lang='lat' dir='ltr'><strong>nec</strong></span> <span class='ocrx_word' id='word_1_50' title='bbox 839 738 983 791; x_wconf 90' lang='lat' dir='ltr'><strong>enim</strong></span> <span class='ocrx_word' id='word_1_51' title='bbox 1021 738 1123 791; x_wconf 93' lang='lat' dir='ltr'><strong>tibi</strong></span> <span class='ocrx_word' id='word_1_52' title='bbox 1163 738 1278 791; x_wconf 88' lang='lat' dir='ltr'><strong>sola</strong></span> <span class='ocrx_word' id='word_1_53' title='bbox 1316 741 1553 807; x_wconf 82' lang='lat' dir='ltr'><strong>potentis</strong></span> 
     </span>
    </p>

    <p class='ocr_par' dir='ltr' id='par_1_7' title="bbox 27 809 1858 955">
     <span class='ocr_line' id='line_1_9' title="bbox 31 809 1858 881; baseline 0.002 -17"><span class='ocrx_word' id='word_1_54' title='bbox 31 823 37 863; x_wconf 66' lang='grc' dir='ltr'><strong><em>ζ</em></strong></span> <span class='ocrx_word' id='word_1_55' title='bbox 84 809 301 881; x_wconf 80' lang='lat' dir='ltr'><strong>Eloquii</strong></span> <span class='ocrx_word' id='word_1_56' title='bbox 341 811 539 864; x_wconf 86' lang='lat' dir='ltr'><strong>uirtus:</strong></span> <span class='ocrx_word' id='word_1_57' title='bbox 580 813 706 864; x_wconf 89' lang='lat' dir='ltr'><strong>sunt</strong></span> <span class='ocrx_word' id='word_1_58' title='bbox 744 812 986 864; x_wconf 88' lang='lat' dir='ltr'><strong>membra</strong></span> <span class='ocrx_word' id='word_1_59' title='bbox 1025 811 1368 864; x_wconf 91' lang='lat' dir='ltr'><strong>accommoda</strong></span> <span class='ocrx_word' id='word_1_60' title='bbox 1406 812 1561 866; x_wconf 89' lang='lat' dir='ltr'><strong>bellis</strong></span> <span class='ocrx_word' id='word_1_61' title='bbox 1800 826 1858 868; x_wconf 79' lang='lat'><strong>65</strong></span> 
     </span>
     <span class='ocr_line' id='line_1_10' title="bbox 27 882 1669 955; baseline 0.002 -19"><span class='ocrx_word' id='word_1_62' title='bbox 27 910 49 955; x_wconf 38' lang='grc' dir='ltr'><strong>,χ</strong></span> <span class='ocrx_word' id='word_1_63' title='bbox 86 882 292 954; x_wconf 84' lang='lat' dir='ltr'><strong>Quique</strong></span> <span class='ocrx_word' id='word_1_64' title='bbox 331 900 550 954; x_wconf 90' lang='lat' dir='ltr'><strong>grauem</strong></span> <span class='ocrx_word' id='word_1_65' title='bbox 585 883 713 937; x_wconf 77' lang='lat' dir='ltr'><strong>haut</strong></span> <span class='ocrx_word' id='word_1_66' title='bbox 746 884 898 938; x_wconf 90' lang='lat' dir='ltr'><strong>tarde</strong></span> <span class='ocrx_word' id='word_1_67' title='bbox 938 884 1167 937; x_wconf 79' lang='lat' dir='ltr'><strong>subeant</strong></span> <span class='ocrx_word' id='word_1_68' title='bbox 1202 884 1423 939; x_wconf 86' lang='lat' dir='ltr'><strong>thoraca</strong></span> <span class='ocrx_word' id='word_1_69' title='bbox 1461 886 1669 939; x_wconf 79' lang='lat' dir='ltr'><strong>lacerti:</strong></span> 
     </span>
    </p>

    <p class='ocr_par' dir='ltr' id='par_1_8' title="bbox 24 954 1503 1028">
     <span class='ocr_line' id='line_1_11' title="bbox 24 954 1503 1028; baseline 0.001 -18"><span class='ocrx_word' id='word_1_70' title='bbox 24 972 58 988; x_wconf 88' lang='lat'><strong>··</strong></span> <span class='ocrx_word' id='word_1_71' title='bbox 86 954 190 1010; x_wconf 82' lang='lat' dir='ltr'><strong>Seu</strong></span> <span class='ocrx_word' id='word_1_72' title='bbox 229 973 416 1027; x_wconf 88' lang='lat' dir='ltr'><strong>campo</strong></span> <span class='ocrx_word' id='word_1_73' title='bbox 455 957 617 1027; x_wconf 91' lang='lat' dir='ltr'><strong>pedes</strong></span> <span class='ocrx_word' id='word_1_74' title='bbox 655 957 733 1010; x_wconf 92' lang='lat' dir='ltr'><strong>ire</strong></span> <span class='ocrx_word' id='word_1_75' title='bbox 771 975 944 1027; x_wconf 90' lang='lat' dir='ltr'><strong>pares,</strong></span> <span class='ocrx_word' id='word_1_76' title='bbox 986 974 1042 1011; x_wconf 89' lang='lat' dir='ltr'><strong>es</strong></span> <span class='ocrx_word' id='word_1_77' title='bbox 1083 957 1302 1028; x_wconf 84' lang='lat' dir='ltr'><strong>agmina</strong></span> <span class='ocrx_word' id='word_1_78' title='bbox 1340 976 1503 1027; x_wconf 89' lang='lat' dir='ltr'><strong>supra</strong></span> 
     </span>
    </p>

    <p class='ocr_par' dir='ltr' id='par_1_9' title="bbox 25 1028 1429 1100">
     <span class='ocr_line' id='line_1_12' title="bbox 85 1028 1429 1100; baseline 0.001 -16.915"><span class='ocrx_word' id='word_1_79' title='bbox 85 1028 384 1084; x_wconf 90' lang='lat' dir='ltr'><strong>Nutaturus</strong></span> <span class='ocrx_word' id='word_1_80' title='bbox 423 1047 579 1100; x_wconf 85' lang='lat' dir='ltr'><strong>apex3</strong></span> <span class='ocrx_word' id='word_1_81' title='bbox 619 1048 712 1083; x_wconf 90' lang='lat' dir='ltr'><strong>seu</strong></span> <span class='ocrx_word' id='word_1_82' title='bbox 750 1030 904 1084; x_wconf 88' lang='lat' dir='ltr'><strong>frena</strong></span> <span class='ocrx_word' id='word_1_83' title='bbox 941 1031 1190 1084; x_wconf 83' lang='lat' dir='ltr'><strong>sonantia</strong></span> <span class='ocrx_word' id='word_1_84' title='bbox 1226 1030 1429 1100; x_wconf 88' lang='lat' dir='ltr'><strong>flectes,</strong></span> 
     </span>
    </p>

    <p class='ocr_par' dir='ltr' id='par_1_10' title="bbox 21 1101 1857 1321">
     <span class='ocr_line' id='line_1_13' title="bbox 85 1101 1537 1173; baseline 0.001 -16.916"><span class='ocrx_word' id='word_1_85' title='bbox 85 1101 294 1157; x_wconf 84' lang='lat' dir='ltr'><strong>Seruiet</strong></span> <span class='ocrx_word' id='word_1_86' title='bbox 331 1121 489 1173; x_wconf 89' lang='lat' dir='ltr'><strong>asper</strong></span> <span class='ocrx_word' id='word_1_87' title='bbox 527 1121 707 1173; x_wconf 90' lang='lat' dir='ltr'><strong>equus.</strong></span> <span class='ocrx_word' id='word_1_88' title='bbox 768 1121 866 1158; x_wconf 89' lang='lat' dir='ltr'><strong>nos</strong></span> <span class='ocrx_word' id='word_1_89' title='bbox 904 1103 1050 1158; x_wconf 89' lang='lat' dir='ltr'><strong>facta</strong></span> <span class='ocrx_word' id='word_1_90' title='bbox 1087 1104 1259 1158; x_wconf 86' lang='lat' dir='ltr'><strong>aliena</strong></span> <span class='ocrx_word' id='word_1_91' title='bbox 1297 1105 1537 1159; x_wconf 89' lang='lat' dir='ltr'><strong>canendo</strong></span> 
     </span>
     <span class='ocr_line' id='line_1_14' title="bbox 85 1174 1857 1247; baseline 0.003 -18.834"><span class='ocrx_word' id='word_1_92' title='bbox 85 1174 373 1247; x_wconf 89' lang='lat' dir='ltr'><strong>Uergimur</strong></span> <span class='ocrx_word' id='word_1_93' title='bbox 410 1176 468 1229; x_wconf 91' lang='lat' dir='ltr'><strong>in</strong></span> <span class='ocrx_word' id='word_1_94' title='bbox 507 1177 736 1231; x_wconf 88' lang='lat' dir='ltr'><strong>senium:</strong></span> <span class='ocrx_word' id='word_1_95' title='bbox 775 1177 1006 1247; x_wconf 90' lang='lat' dir='ltr'><strong>propriis</strong></span> <span class='ocrx_word' id='word_1_96' title='bbox 1044 1180 1104 1230; x_wconf 89' lang='lat' dir='ltr'><strong>tu</strong></span> <span class='ocrx_word' id='word_1_97' title='bbox 1143 1177 1363 1247; x_wconf 83' lang='lat' dir='ltr'><strong>pulcher</strong></span> <span class='ocrx_word' id='word_1_98' title='bbox 1401 1179 1458 1231; x_wconf 93' lang='lat' dir='ltr'><strong>in</strong></span> <span class='ocrx_word' id='word_1_99' title='bbox 1499 1179 1664 1233; x_wconf 86' lang='lat' dir='ltr'><strong>armis</strong></span> <span class='ocrx_word' id='word_1_100' title='bbox 1803 1193 1857 1233; x_wconf 77' lang='lat'><strong>⁷0</strong></span> 
     </span>
     <span class='ocr_line' id='line_1_15' title="bbox 22 1248 1525 1321; baseline 0.001 -17"><span class='ocrx_word' id='word_1_101' title='bbox 22 1261 23 1264; x_wconf 78' lang='grc'>’</span> <span class='ocrx_word' id='word_1_102' title='bbox 53 1311 55 1314; x_wconf 84' lang='lat'>.</span> <span class='ocrx_word' id='word_1_103' title='bbox 85 1248 210 1319; x_wconf 90' lang='lat' dir='ltr'><strong>Ipse</strong></span> <span class='ocrx_word' id='word_1_104' title='bbox 248 1249 487 1304; x_wconf 90' lang='lat' dir='ltr'><strong>canenda</strong></span> <span class='ocrx_word' id='word_1_105' title='bbox 524 1266 677 1320; x_wconf 89' lang='lat' dir='ltr'><strong>geres</strong></span> <span class='ocrx_word' id='word_1_106' title='bbox 715 1268 988 1320; x_wconf 88' lang='lat' dir='ltr'><strong>paruoque</strong></span> <span class='ocrx_word' id='word_1_107' title='bbox 1027 1251 1270 1320; x_wconf 90' lang='lat' dir='ltr'><strong>exempla</strong></span> <span class='ocrx_word' id='word_1_108' title='bbox 1309 1251 1525 1321; x_wconf 87' lang='lat' dir='ltr'><strong>parabis</strong></span> 
     </span>
    </p>

    <p class='ocr_par' dir='ltr' id='par_1_11' title="bbox 85 1321 1698 1468">
     <span class='ocr_line' id='line_1_16' title="bbox 85 1321 1698 1395; baseline 0.002 -19"><span class='ocrx_word' id='word_1_109' title='bbox 85 1321 284 1394; x_wconf 87' lang='lat' dir='ltr'><strong>Magna</strong></span> <span class='ocrx_word' id='word_1_110' title='bbox 309 1321 491 1393; x_wconf 83' lang='lat' dir='ltr'><strong>Getae,</strong></span> <span class='ocrx_word' id='word_1_111' title='bbox 531 1322 724 1393; x_wconf 91' lang='lat' dir='ltr'><strong>dignos</strong></span> <span class='ocrx_word' id='word_1_112' title='bbox 764 1341 920 1394; x_wconf 90' lang='lat' dir='ltr'><strong>quem</strong></span> <span class='ocrx_word' id='word_1_113' title='bbox 958 1324 1066 1377; x_wconf 93' lang='lat' dir='ltr'><strong>iam</strong></span> <span class='ocrx_word' id='word_1_114' title='bbox 1105 1342 1247 1378; x_wconf 92' lang='lat' dir='ltr'><strong>nunc</strong></span> <span class='ocrx_word' id='word_1_115' title='bbox 1287 1325 1510 1395; x_wconf 84' lang='lat' dir='ltr'><strong>belliger</strong></span> <span class='ocrx_word' id='word_1_116' title='bbox 1547 1328 1698 1379; x_wconf 87' lang='lat' dir='ltr'><strong>actus</strong></span> 
     </span>
     <span class='ocr_line' id='line_1_17' title="bbox 85 1394 1578 1468; baseline 0.001 -18"><span class='ocrx_word' id='word_1_117' title='bbox 85 1394 268 1450; x_wconf 86' lang='lat' dir='ltr'><strong>Poscit</strong></span> <span class='ocrx_word' id='word_1_118' title='bbox 304 1414 436 1451; x_wconf 90' lang='lat' dir='ltr'><strong>auus</strong></span> <span class='ocrx_word' id='word_1_119' title='bbox 473 1399 781 1468; x_wconf 86' lang='lat' dir='ltr'><strong>perstatque</strong></span> <span class='ocrx_word' id='word_1_120' title='bbox 821 1396 966 1450; x_wconf 92' lang='lat' dir='ltr'><strong>domi</strong></span> <span class='ocrx_word' id='word_1_121' title='bbox 1003 1397 1220 1451; x_wconf 89' lang='lat' dir='ltr'><strong>nouisse</strong></span> <span class='ocrx_word' id='word_1_122' title='bbox 1259 1397 1578 1468; x_wconf 87' lang='lat' dir='ltr'><strong>triumphos.</strong></span> 
     </span>
    </p>

    <p class='ocr_par' dir='ltr' id='par_1_12' title="bbox 87 1466 1773 1542">
     <span class='ocr_line' id='line_1_18' title="bbox 87 1466 1773 1542; baseline 0.002 -20"><span class='ocrx_word' id='word_1_123' title='bbox 87 1466 273 1540; x_wconf 84' lang='lat' dir='ltr'><strong>Surge,</strong></span> <span class='ocrx_word' id='word_1_124' title='bbox 311 1469 554 1540; x_wconf 89' lang='lat' dir='ltr'><strong>agedum,</strong></span> <span class='ocrx_word' id='word_1_125' title='bbox 592 1470 957 1540; x_wconf 88' lang='lat' dir='ltr'><strong>iuuenemque,</strong></span> <span class='ocrx_word' id='word_1_126' title='bbox 994 1487 1142 1540; x_wconf 90' lang='lat' dir='ltr'><strong>puer,</strong></span> <span class='ocrx_word' id='word_1_127' title='bbox 1178 1470 1443 1540; x_wconf 88' lang='lat' dir='ltr'><strong>deprende</strong></span> <span class='ocrx_word' id='word_1_128' title='bbox 1483 1475 1773 1542; x_wconf 86' lang='lat' dir='ltr'><strong>parentem,</strong></span> 
     </span>
    </p>

    <p class='ocr_par' dir='ltr' id='par_1_13' title="bbox 1 1541 1858 1686">
     <span class='ocr_line' id='line_1_19' title="bbox 2 1541 1858 1613; baseline 0.002 -17"><span class='ocrx_word' id='word_1_129' title='bbox 2 1583 3 1610; x_wconf 20' lang='grc' dir='ltr'><strong><em>Ἰ</em></strong></span> <span class='ocrx_word' id='word_1_130' title='bbox 87 1541 379 1597; x_wconf 76' lang='lat' dir='ltr'><strong>Stemmata</strong></span> <span class='ocrx_word' id='word_1_131' title='bbox 417 1546 658 1597; x_wconf 86' lang='lat' dir='ltr'><strong>materno</strong></span> <span class='ocrx_word' id='word_1_132' title='bbox 695 1543 838 1611; x_wconf 86' lang='lat' dir='ltr'><strong>felix,</strong></span> <span class='ocrx_word' id='word_1_133' title='bbox 876 1544 1074 1597; x_wconf 85' lang='lat' dir='ltr'><strong>uirtute</strong></span> <span class='ocrx_word' id='word_1_134' title='bbox 1112 1546 1347 1613; x_wconf 87' lang='lat' dir='ltr'><strong>paterna.</strong></span> <span class='ocrx_word' id='word_1_135' title='bbox 1803 1559 1858 1599; x_wconf 78' lang='lat'><strong>⁷5</strong></span> 
     </span>
     <span class='ocr_line' id='line_1_20' title="bbox 1 1614 1386 1686; baseline 0.001 -17"><span class='ocrx_word' id='word_1_136' title='bbox 1 1614 3 1619; x_wconf 75' lang='grc'><strong>’</strong></span> <span class='ocrx_word' id='word_1_137' title='bbox 49 1630 52 1635; x_wconf 90' lang='grc'><strong><em>·</em></strong></span> <span class='ocrx_word' id='word_1_138' title='bbox 85 1614 202 1669; x_wconf 92' lang='lat' dir='ltr'><strong>Iam</strong></span> <span class='ocrx_word' id='word_1_139' title='bbox 239 1618 293 1669; x_wconf 92' lang='lat' dir='ltr'><strong>te</strong></span> <span class='ocrx_word' id='word_1_140' title='bbox 332 1615 531 1670; x_wconf 89' lang='lat' dir='ltr'><strong>blanda</strong></span> <span class='ocrx_word' id='word_1_141' title='bbox 570 1616 691 1670; x_wconf 90' lang='lat' dir='ltr'><strong>sinu</strong></span> <span class='ocrx_word' id='word_1_142' title='bbox 729 1616 893 1686; x_wconf 84' lang='lat' dir='ltr'><strong>Tyrio</strong></span> <span class='ocrx_word' id='word_1_143' title='bbox 934 1617 1037 1670; x_wconf 89' lang='lat' dir='ltr'><strong>sibi</strong></span> <span class='ocrx_word' id='word_1_144' title='bbox 1075 1618 1221 1670; x_wconf 90' lang='lat' dir='ltr'><strong>curia</strong></span> <span class='ocrx_word' id='word_1_145' title='bbox 1258 1618 1386 1671; x_wconf 86' lang='lat' dir='ltr'><strong>felix</strong></span> 
     </span>
    </p>

    <p class='ocr_par' dir='ltr' id='par_1_14' title="bbox 43 1688 1440 1760">
     <span class='ocr_line' id='line_1_21' title="bbox 43 1688 1440 1760; baseline 0.001 -18"><span class='ocrx_word' id='word_1_146' title='bbox 43 1709 46 1714; x_wconf 94' lang='lat'>·</span> <span class='ocrx_word' id='word_1_147' title='bbox 86 1688 298 1743; x_wconf 85' lang='lat' dir='ltr'><strong>Educat</strong></span> <span class='ocrx_word' id='word_1_148' title='bbox 336 1691 390 1743; x_wconf 89' lang='lat' dir='ltr'><strong>et</strong></span> <span class='ocrx_word' id='word_1_149' title='bbox 428 1692 646 1743; x_wconf 91' lang='lat' dir='ltr'><strong>cunctas</strong></span> <span class='ocrx_word' id='word_1_150' title='bbox 686 1690 884 1760; x_wconf 86' lang='lat' dir='ltr'><strong>gaudet</strong></span> <span class='ocrx_word' id='word_1_151' title='bbox 922 1690 1179 1759; x_wconf 90' lang='lat' dir='ltr'><strong>spondere</strong></span> <span class='ocrx_word' id='word_1_152' title='bbox 1218 1692 1440 1745; x_wconf 87' lang='lat' dir='ltr'><strong>curules.</strong></span> 
     </span>
    </p>

    <p class='ocr_par' dir='ltr' id='par_1_15' title="bbox 87 1759 1555 1907">
     <span class='ocr_line' id='line_1_22' title="bbox 87 1759 1555 1833; baseline 0.001 -17"><span class='ocrx_word' id='word_1_153' title='bbox 87 1761 238 1816; x_wconf 87' lang='lat' dir='ltr'><strong>Haec</strong></span> <span class='ocrx_word' id='word_1_154' title='bbox 276 1778 375 1833; x_wconf 86' lang='lat' dir='ltr'><strong>ego</strong></span> <span class='ocrx_word' id='word_1_155' title='bbox 417 1759 736 1816; x_wconf 84' lang='lat' dir='ltr'><strong>Chalcidicis</strong></span> <span class='ocrx_word' id='word_1_156' title='bbox 777 1763 845 1816; x_wconf 94' lang='lat' dir='ltr'><strong>ad</strong></span> <span class='ocrx_word' id='word_1_157' title='bbox 882 1766 950 1831; x_wconf 91' lang='lat' dir='ltr'><strong>te,</strong></span> <span class='ocrx_word' id='word_1_158' title='bbox 989 1762 1254 1833; x_wconf 88' lang='lat' dir='ltr'><strong>Marcelle,</strong></span> <span class='ocrx_word' id='word_1_159' title='bbox 1293 1765 1555 1818; x_wconf 88' lang='lat' dir='ltr'><strong>sonabam</strong></span> 
     </span>
     <span class='ocr_line' id='line_1_23' title="bbox 87 1834 1385 1907; baseline 0.002 -19"><span class='ocrx_word' id='word_1_160' title='bbox 87 1834 376 1905; x_wconf 87' lang='lat' dir='ltr'><strong>Litoribus,</strong></span> <span class='ocrx_word' id='word_1_161' title='bbox 414 1835 612 1890; x_wconf 88' lang='lat' dir='ltr'><strong>fractas</strong></span> <span class='ocrx_word' id='word_1_162' title='bbox 652 1836 744 1889; x_wconf 92' lang='lat' dir='ltr'><strong>ubi</strong></span> <span class='ocrx_word' id='word_1_163' title='bbox 783 1835 1014 1890; x_wconf 89' lang='lat' dir='ltr'><strong>Uesuius</strong></span> <span class='ocrx_word' id='word_1_164' title='bbox 1055 1837 1225 1907; x_wconf 86' lang='lat' dir='ltr'><strong>egerit</strong></span> <span class='ocrx_word' id='word_1_165' title='bbox 1262 1837 1385 1906; x_wconf 90' lang='lat' dir='ltr'><strong>iras,</strong></span> 
     </span>
    </p>

    <p class='ocr_par' dir='ltr' id='par_1_16' title="bbox 87 1907 1859 2054">
     <span class='ocr_line' id='line_1_24' title="bbox 89 1907 1859 1966; baseline 0.002 -4"><span class='ocrx_word' id='word_1_166' title='bbox 89 1907 317 1963; x_wconf 88' lang='lat' dir='ltr'><strong>Aemula</strong></span> <span class='ocrx_word' id='word_1_167' title='bbox 354 1907 644 1963; x_wconf 87' lang='lat' dir='ltr'><strong>Trinacriis</strong></span> <span class='ocrx_word' id='word_1_168' title='bbox 684 1909 905 1963; x_wconf 91' lang='lat' dir='ltr'><strong>uoluens</strong></span> <span class='ocrx_word' id='word_1_169' title='bbox 945 1910 1192 1963; x_wconf 90' lang='lat' dir='ltr'><strong>incendia</strong></span> <span class='ocrx_word' id='word_1_170' title='bbox 1229 1909 1471 1964; x_wconf 66' lang='lat' dir='ltr'><strong>flammis</strong></span> <span class='ocrx_word' id='word_1_171' title='bbox 1804 1924 1859 1966; x_wconf 85' lang='lat'><strong>80</strong></span> 
     </span>
     <span class='ocr_line' id='line_1_25' title="bbox 87 1981 1504 2054; baseline 0.002 -19"><span class='ocrx_word' id='word_1_172' title='bbox 87 1981 228 2036; x_wconf 86' lang='lat' dir='ltr'><strong>Mira</strong></span> <span class='ocrx_word' id='word_1_173' title='bbox 265 1982 419 2036; x_wconf 77' lang='lat' dir='ltr'><strong>fides!</strong></span> <span class='ocrx_word' id='word_1_174' title='bbox 482 1982 729 2036; x_wconf 87' lang='lat' dir='ltr'><strong>credetne</strong></span> <span class='ocrx_word' id='word_1_175' title='bbox 768 1983 944 2036; x_wconf 89' lang='lat' dir='ltr'><strong>uirum</strong></span> <span class='ocrx_word' id='word_1_176' title='bbox 983 1986 1210 2037; x_wconf 85' lang='lat' dir='ltr'><strong>uentura</strong></span> <span class='ocrx_word' id='word_1_177' title='bbox 1247 2001 1504 2054; x_wconf 84' lang='lat' dir='ltr'><strong>propagO,</strong></span> 
     </span>
    </p>

    <p class='ocr_par' dir='ltr' id='par_1_17' title="bbox 88 2053 1748 2128">
     <span class='ocr_line' id='line_1_26' title="bbox 88 2053 1748 2128; baseline 0.002 -19"><span class='ocrx_word' id='word_1_178' title='bbox 88 2053 222 2110; x_wconf 84' lang='lat' dir='ltr'><strong>Cum</strong></span> <span class='ocrx_word' id='word_1_179' title='bbox 262 2057 471 2126; x_wconf 88' lang='lat' dir='ltr'><strong>segetes</strong></span> <span class='ocrx_word' id='word_1_180' title='bbox 509 2055 718 2122; x_wconf 91' lang='lat' dir='ltr'><strong>iterum,</strong></span> <span class='ocrx_word' id='word_1_181' title='bbox 756 2074 877 2110; x_wconf 91' lang='lat' dir='ltr'><strong>cum</strong></span> <span class='ocrx_word' id='word_1_182' title='bbox 916 2057 1025 2110; x_wconf 91' lang='lat' dir='ltr'><strong>iam</strong></span> <span class='ocrx_word' id='word_1_183' title='bbox 1062 2056 1194 2110; x_wconf 88' lang='lat' dir='ltr'><strong>haec</strong></span> <span class='ocrx_word' id='word_1_184' title='bbox 1234 2057 1444 2111; x_wconf 84' lang='lat' dir='ltr'><strong>deserta</strong></span> <span class='ocrx_word' id='word_1_185' title='bbox 1482 2058 1748 2128; x_wconf 89' lang='lat' dir='ltr'><strong>uirebunt,</strong></span> 
     </span>
    </p>

    <p class='ocr_par' dir='ltr' id='par_1_18' title="bbox 37 2128 1556 2201">
     <span class='ocr_line' id='line_1_27' title="bbox 37 2128 1556 2201; baseline 0.002 -19"><span class='ocrx_word' id='word_1_186' title='bbox 37 2143 39 2148; x_wconf 83' lang='lat'>·</span> <span class='ocrx_word' id='word_1_187' title='bbox 87 2128 237 2182; x_wconf 86' lang='lat' dir='ltr'><strong>Infra</strong></span> <span class='ocrx_word' id='word_1_188' title='bbox 273 2129 433 2183; x_wconf 90' lang='lat' dir='ltr'><strong>urbes</strong></span> <span class='ocrx_word' id='word_1_189' title='bbox 471 2129 802 2200; x_wconf 89' lang='lat' dir='ltr'><strong>populosque</strong></span> <span class='ocrx_word' id='word_1_190' title='bbox 840 2131 1012 2198; x_wconf 86' lang='lat' dir='ltr'><strong>premi</strong></span> <span class='ocrx_word' id='word_1_191' title='bbox 1049 2131 1400 2201; x_wconf 88' lang='lat' dir='ltr'><strong>proauitaque</strong></span> <span class='ocrx_word' id='word_1_192' title='bbox 1438 2135 1556 2185; x_wconf 87' lang='lat' dir='ltr'><strong>tuto</strong></span> 
     </span>
    </p>

    <p class='ocr_par' dir='ltr' id='par_1_19' title="bbox 10 2201 1395 2266">
     <span class='ocr_line' id='line_1_28' title="bbox 10 2201 1395 2266; baseline 0.001 -10"><span class='ocrx_word' id='word_1_193' title='bbox 10 2260 14 2266; x_wconf 46' lang='lat'><em>„</em></span> <span class='ocrx_word' id='word_1_194' title='bbox 87 2201 236 2256; x_wconf 89' lang='lat' dir='ltr'><strong>Rura</strong></span> <span class='ocrx_word' id='word_1_195' title='bbox 273 2202 468 2256; x_wconf 86' lang='lat' dir='ltr'><strong>abiisse</strong></span> <span class='ocrx_word' id='word_1_196' title='bbox 506 2202 679 2256; x_wconf 78' lang='lat' dir='ltr'><strong>mari?</strong></span> <span class='ocrx_word' id='word_1_197' title='bbox 740 2203 966 2256; x_wconf 89' lang='lat' dir='ltr'><strong>necdum</strong></span> <span class='ocrx_word' id='word_1_198' title='bbox 1004 2203 1163 2257; x_wconf 87' lang='lat' dir='ltr'><strong>letale</strong></span> <span class='ocrx_word' id='word_1_199' title='bbox 1201 2204 1395 2257; x_wconf 90' lang='lat' dir='ltr'><strong>minari</strong></span> 
     </span>
    </p>
   </div>
   <div class='ocr_carea' id='block_1_3' title="bbox 0 408 85 1722">
    <p class='ocr_par' dir='ltr' id='par_1_20' title="bbox 0 408 85 1722">
     <span class='ocr_line' id='line_1_29' title="bbox 0 408 85 626; baseline 0 -26"><span class='ocrx_word' id='word_1_200' title='bbox 0 408 85 626; x_wconf 95' lang='lat' dir='ltr'><strong>    </strong></span> 
     </span>
     <span class='ocr_line' id='line_1_30' title="bbox 0 626 85 843; baseline 0 -71"><span class='ocrx_word' id='word_1_201' title='bbox 0 626 85 843; x_wconf 95' lang='lat' dir='ltr'><strong>     </strong></span> 
     </span>
     <span class='ocr_line' id='line_1_31' title="bbox 0 843 85 992; baseline 0 0"><span class='ocrx_word' id='word_1_202' title='bbox 0 843 85 992; x_wconf 95' lang='lat' dir='ltr'><strong>  </strong></span> 
     </span>
     <span class='ocr_line' id='line_1_32' title="bbox 0 992 85 1231; baseline 0 -94"><span class='ocrx_word' id='word_1_203' title='bbox 0 992 85 1231; x_wconf 95' lang='lat' dir='ltr'><strong>     </strong></span> 
     </span>
     <span class='ocr_line' id='line_1_33' title="bbox 0 1231 85 1357; baseline 0 -74"><span class='ocrx_word' id='word_1_204' title='bbox 0 1231 85 1357; x_wconf 95' lang='lat' dir='ltr'><strong>   </strong></span> 
     </span>
     <span class='ocr_line' id='line_1_34' title="bbox 0 1357 85 1505; baseline 0 0"><span class='ocrx_word' id='word_1_205' title='bbox 0 1357 85 1505; x_wconf 95' lang='lat' dir='ltr'><strong>  </strong></span> 
     </span>
     <span class='ocr_line' id='line_1_35' title="bbox 0 1505 85 1722; baseline 0 -144"><span class='ocrx_word' id='word_1_206' title='bbox 0 1505 85 1722; x_wconf 95' lang='lat' dir='ltr'><strong>  </strong></span> 
     </span>
    </p>
   </div>
   <div class='ocr_carea' id='block_1_4' title="bbox 89 2364 443 2371">
    <p class='ocr_par' dir='ltr' id='par_1_21' title="bbox 89 2364 443 2371">
     <span class='ocr_line' id='line_1_36' title="bbox 89 2364 443 2371; baseline 0 793"><span class='ocrx_word' id='word_1_207' title='bbox 89 2364 443 2371; x_wconf 95' lang='lat' dir='ltr'><strong> </strong></span> 
     </span>
    </p>
   </div>
   <div class='ocr_carea' id='block_1_5' title="bbox 0 2449 1861 2918">
    <p class='ocr_par' dir='ltr' id='par_1_22' title="bbox 30 2449 1861 2510">
     <span class='ocr_line' id='line_1_37' title="bbox 30 2449 1861 2510; baseline 0.003 -17"><span class='ocrx_word' id='word_1_208' title='bbox 30 2508 33 2509; x_wconf 16' lang='lat'><em>⁷</em></span> <span class='ocrx_word' id='word_1_209' title='bbox 207 2453 263 2494; x_wconf 91' lang='grc'><strong>60</strong></span> <span class='ocrx_word' id='word_1_210' title='bbox 293 2449 513 2507; x_wconf 85' lang='lat' dir='ltr'><strong>antiquae</strong></span> <span class='ocrx_word' id='word_1_211' title='bbox 543 2449 701 2494; x_wconf 87' lang='lat' dir='ltr'><strong>Dom.:</strong></span> <span class='ocrx_word' id='word_1_212' title='bbox 731 2449 949 2506; x_wconf 87' lang='lat' dir='ltr'><strong>obliquae</strong></span> <span class='ocrx_word' id='word_1_213' title='bbox 981 2455 1009 2493; x_wconf 91' lang='grc'><strong>0</strong></span> <span class='ocrx_word' id='word_1_214' title='bbox 1033 2465 1060 2493; x_wconf 78' lang='lat' dir='ltr'><strong>a</strong></span> <span class='ocrx_word' id='word_1_215' title='bbox 1082 2451 1098 2506; x_wconf 85' lang='grc' dir='ltr'><strong>ΙΙ</strong></span> <span class='ocrx_word' id='word_1_216' title='bbox 1122 2455 1176 2495; x_wconf 80' lang='grc'><strong>62</strong></span> <span class='ocrx_word' id='word_1_217' title='bbox 1208 2450 1348 2495; x_wconf 84' lang='lat' dir='ltr'><strong>thiles</strong></span> <span class='ocrx_word' id='word_1_218' title='bbox 1371 2455 1401 2494; x_wconf 98' lang='grc'><strong>0</strong></span> <span class='ocrx_word' id='word_1_219' title='bbox 1423 2451 1530 2497; x_wconf 84' lang='lat' dir='ltr'><strong>tiles</strong></span> <span class='ocrx_word' id='word_1_220' title='bbox 1554 2468 1582 2496; x_wconf 77' lang='lat' dir='ltr'><strong>a</strong></span> <span class='ocrx_word' id='word_1_221' title='bbox 1603 2455 1619 2510; x_wconf 78' lang='grc' dir='ltr'><strong>Ι]</strong></span> <span class='ocrx_word' id='word_1_222' title='bbox 1642 2459 1698 2498; x_wconf 87' lang='grc'><strong>63</strong></span> <span class='ocrx_word' id='word_1_223' title='bbox 1722 2454 1861 2499; x_wconf 86' lang='lat' dir='ltr'><strong>datur</strong></span> 
     </span>
    </p>

    <p class='ocr_par' dir='ltr' id='par_1_23' title="bbox 0 2507 1860 2918">
     <span class='ocr_line' id='line_1_38' title="bbox 91 2507 1860 2565; baseline 0.004 -14"><span class='ocrx_word' id='word_1_224' title='bbox 91 2507 335 2564; x_wconf 72' lang='lat' dir='ltr'><strong>Imhofius:</strong></span> <span class='ocrx_word' id='word_1_225' title='bbox 365 2507 601 2554; x_wconf 76' lang='lat' dir='ltr'><strong>datusAc</strong></span> <span class='ocrx_word' id='word_1_226' title='bbox 624 2508 747 2554; x_wconf 86' lang='lat' dir='ltr'><strong>latus</strong></span> <span class='ocrx_word' id='word_1_227' title='bbox 773 2509 906 2553; x_wconf 90' lang='lat' dir='ltr'><strong>Dom.</strong></span> <span class='ocrx_word' id='word_1_228' title='bbox 931 2510 947 2565; x_wconf 84' lang='grc' dir='ltr'><strong>ΙΙ</strong></span> <span class='ocrx_word' id='word_1_229' title='bbox 970 2514 1025 2554; x_wconf 93' lang='grc'><strong>66</strong></span> <span class='ocrx_word' id='word_1_230' title='bbox 1058 2510 1172 2554; x_wconf 90' lang='lat' dir='ltr'><strong>haut</strong></span> <span class='ocrx_word' id='word_1_231' title='bbox 1200 2509 1450 2554; x_wconf 75' lang='lat' dir='ltr'><strong>Barthius:</strong></span> <span class='ocrx_word' id='word_1_232' title='bbox 1480 2523 1563 2555; x_wconf 86' lang='lat' dir='ltr'><strong>om.</strong></span> <span class='ocrx_word' id='word_1_233' title='bbox 1596 2517 1625 2555; x_wconf 88' lang='grc'><strong>0</strong></span> <span class='ocrx_word' id='word_1_234' title='bbox 1655 2527 1683 2555; x_wconf 81' lang='lat' dir='ltr'><strong>a</strong></span> <span class='ocrx_word' id='word_1_235' title='bbox 1714 2513 1860 2558; x_wconf 87' lang='lat' dir='ltr'><strong>ualidi</strong></span> 
     </span>
     <span class='ocr_line' id='line_1_39' title="bbox 47 2566 1859 2628; baseline 0.003 -17"><span class='ocrx_word' id='word_1_236' title='bbox 47 2616 49 2618; x_wconf 53' lang='grc'>,</span> <span class='ocrx_word' id='word_1_237' title='bbox 91 2566 264 2612; x_wconf 78' lang='lat' dir='ltr'><strong>Markl.</strong></span> <span class='ocrx_word' id='word_1_238' title='bbox 295 2566 493 2613; x_wconf 87' lang='lat' dir='ltr'><strong>subeant</strong></span> <span class='ocrx_word' id='word_1_239' title='bbox 528 2567 628 2612; x_wconf 86' lang='lat' dir='ltr'><strong>arte</strong></span> <span class='ocrx_word' id='word_1_240' title='bbox 664 2566 714 2612; x_wconf 89' lang='grc' dir='ltr'><strong>Ο.</strong></span> <span class='ocrx_word' id='word_1_241' title='bbox 750 2567 1002 2612; x_wconf 78' lang='lat' dir='ltr'><strong>Muellerus</strong></span> <span class='ocrx_word' id='word_1_242' title='bbox 1035 2569 1052 2624; x_wconf 85' lang='grc' dir='ltr'><strong>ΙΙ</strong></span> <span class='ocrx_word' id='word_1_243' title='bbox 1090 2571 1145 2613; x_wconf 91' lang='grc'><strong>68</strong></span> <span class='ocrx_word' id='word_1_244' title='bbox 1175 2567 1336 2613; x_wconf 84' lang='lat' dir='ltr'><strong>flectas</strong></span> <span class='ocrx_word' id='word_1_245' title='bbox 1367 2569 1590 2614; x_wconf 82' lang='lat' dir='ltr'><strong>Heinsius</strong></span> <span class='ocrx_word' id='word_1_246' title='bbox 1620 2572 1636 2626; x_wconf 77' lang='grc' dir='ltr'><strong>ΙΙ</strong></span> <span class='ocrx_word' id='word_1_247' title='bbox 1669 2576 1723 2615; x_wconf 83' lang='grc'><strong>71</strong></span> <span class='ocrx_word' id='word_1_248' title='bbox 1756 2573 1859 2628; x_wconf 85' lang='lat' dir='ltr'><strong>Ipse</strong></span> 
     </span>
     <span class='ocr_line' id='line_1_40' title="bbox 87 2624 1857 2687; baseline 0.003 -16.784"><span class='ocrx_word' id='word_1_249' title='bbox 87 2625 210 2670; x_wconf 69' lang='lat' dir='ltr'><strong>edd„-</strong></span> <span class='ocrx_word' id='word_1_250' title='bbox 238 2624 346 2683; x_wconf 84' lang='lat' dir='ltr'><strong>Ipsa</strong></span> <span class='ocrx_word' id='word_1_251' title='bbox 369 2629 398 2668; x_wconf 87' lang='grc'><strong>0</strong></span> <span class='ocrx_word' id='word_1_252' title='bbox 421 2640 450 2669; x_wconf 71' lang='lat' dir='ltr'><strong>a</strong></span> <span class='ocrx_word' id='word_1_253' title='bbox 488 2625 496 2685; x_wconf 88' lang='grc' dir='ltr'>Ι</span> <span class='ocrx_word' id='word_1_254' title='bbox 536 2639 772 2683; x_wconf 87' lang='lat' dir='ltr'><strong>paruaque</strong></span> <span class='ocrx_word' id='word_1_255' title='bbox 797 2631 825 2668; x_wconf 89' lang='grc'><strong>0</strong></span> <span class='ocrx_word' id='word_1_256' title='bbox 858 2641 905 2682; x_wconf 85' lang='lat' dir='ltr'><strong>a,</strong></span> <span class='ocrx_word' id='word_1_257' title='bbox 937 2639 1049 2671; x_wconf 84' lang='lat' dir='ltr'><strong>corr.</strong></span> <span class='ocrx_word' id='word_1_258' title='bbox 1085 2630 1128 2671; x_wconf 83' lang='grc' dir='ltr'><strong>ς.</strong></span> <span class='ocrx_word' id='word_1_259' title='bbox 1160 2627 1435 2684; x_wconf 87' lang='lat' dir='ltr'><strong>patriaeque</strong></span> <span class='ocrx_word' id='word_1_260' title='bbox 1466 2629 1597 2673; x_wconf 86' lang='lat' dir='ltr'><strong>Dom.</strong></span> <span class='ocrx_word' id='word_1_261' title='bbox 1623 2632 1638 2685; x_wconf 83' lang='grc' dir='ltr'><strong>ΙΙ</strong></span> <span class='ocrx_word' id='word_1_262' title='bbox 1664 2635 1717 2674; x_wconf 78' lang='grc'><strong>72</strong></span> <span class='ocrx_word' id='word_1_263' title='bbox 1750 2633 1857 2687; x_wconf 85' lang='lat' dir='ltr'><strong>gete</strong></span> 
     </span>
     <span class='ocr_line' id='line_1_41' title="bbox 88 2684 1856 2744; baseline 0.004 -17.683"><span class='ocrx_word' id='word_1_264' title='bbox 88 2688 118 2726; x_wconf 89' lang='grc'><strong>0</strong></span> <span class='ocrx_word' id='word_1_265' title='bbox 155 2685 263 2743; x_wconf 67' lang='lat' dir='ltr'><strong>gete</strong></span> <span class='ocrx_word' id='word_1_266' title='bbox 304 2698 351 2727; x_wconf 81' lang='lat' dir='ltr'><strong>a:</strong></span> <span class='ocrx_word' id='word_1_267' title='bbox 390 2697 522 2742; x_wconf 84' lang='lat' dir='ltr'><strong>geres</strong></span> <span class='ocrx_word' id='word_1_268' title='bbox 551 2684 723 2743; x_wconf 72' lang='lat' dir='ltr'><strong>uulyol</strong></span> <span class='ocrx_word' id='word_1_269' title='bbox 757 2684 1011 2742; x_wconf 88' lang='lat' dir='ltr'><strong>dignosque</strong></span> <span class='ocrx_word' id='word_1_270' title='bbox 1042 2685 1305 2730; x_wconf 89' lang='lat' dir='ltr'><strong>etiamnunc</strong></span> <span class='ocrx_word' id='word_1_271' title='bbox 1336 2688 1474 2744; x_wconf 66' lang='lat' dir='ltr'><strong>uulgo</strong></span> <span class='ocrx_word' id='word_1_272' title='bbox 1511 2690 1527 2744; x_wconf 75' lang='grc' dir='ltr'><strong>Ι]</strong></span> <span class='ocrx_word' id='word_1_273' title='bbox 1566 2693 1619 2732; x_wconf 83' lang='grc'><strong>73</strong></span> <span class='ocrx_word' id='word_1_274' title='bbox 1653 2702 1766 2732; x_wconf 85' lang='lat' dir='ltr'><strong>auus</strong></span> <span class='ocrx_word' id='word_1_275' title='bbox 1798 2692 1856 2734; x_wconf 76' lang='lat' dir='ltr'><strong>A:</strong></span> 
     </span>
     <span class='ocr_line' id='line_1_42' title="bbox 1 2744 1853 2802; baseline 0.003 -16"><span class='ocrx_word' id='word_1_276' title='bbox 1 2755 30 2802; x_wconf 51' lang='lat' dir='ltr'><strong>j,</strong></span> <span class='ocrx_word' id='word_1_277' title='bbox 88 2755 202 2787; x_wconf 88' lang='lat' dir='ltr'><strong>auos</strong></span> <span class='ocrx_word' id='word_1_278' title='bbox 239 2747 268 2786; x_wconf 87' lang='grc'><strong>0</strong></span> <span class='ocrx_word' id='word_1_279' title='bbox 315 2744 322 2800; x_wconf 79' lang='grc' dir='ltr'>Ι</span> <span class='ocrx_word' id='word_1_280' title='bbox 369 2744 669 2800; x_wconf 85' lang='lat' dir='ltr'><strong>praestatque</strong></span> <span class='ocrx_word' id='word_1_281' title='bbox 708 2749 736 2786; x_wconf 90' lang='grc'><strong>0</strong></span> <span class='ocrx_word' id='word_1_282' title='bbox 767 2758 807 2800; x_wconf 86' lang='lat' dir='ltr'><strong>a,</strong></span> <span class='ocrx_word' id='word_1_283' title='bbox 851 2757 963 2790; x_wconf 83' lang='lat' dir='ltr'><strong>corr.</strong></span> <span class='ocrx_word' id='word_1_284' title='bbox 999 2744 1288 2802; x_wconf 75' lang='lat' dir='ltr'><strong>Peyraredus</strong></span> <span class='ocrx_word' id='word_1_285' title='bbox 1335 2746 1352 2802; x_wconf 80' lang='lat' dir='ltr'>ss</span> <span class='ocrx_word' id='word_1_286' title='bbox 1402 2751 1456 2790; x_wconf 77' lang='lat'><strong>76</strong></span> <span class='ocrx_word' id='word_1_287' title='bbox 1490 2745 1616 2790; x_wconf 86' lang='lat' dir='ltr'><strong>curia</strong></span> <span class='ocrx_word' id='word_1_288' title='bbox 1657 2747 1853 2792; x_wconf 81' lang='lat' dir='ltr'><strong>Markl.:</strong></span> 
     </span>
     <span class='ocr_line' id='line_1_43' title="bbox 7 2799 1856 2862; baseline 0.004 -18"><span class='ocrx_word' id='word_1_289' title='bbox 7 2803 11 2861; x_wconf 23' lang='grc' dir='ltr'><strong>ι’</strong></span> <span class='ocrx_word' id='word_1_290' title='bbox 41 2855 43 2858; x_wconf 25' lang='lat'><em>⁴</em></span> <span class='ocrx_word' id='word_1_291' title='bbox 87 2799 238 2858; x_wconf 83' lang='lat' dir='ltr'><strong>gloria</strong></span> <span class='ocrx_word' id='word_1_292' title='bbox 275 2805 303 2844; x_wconf 93' lang='grc'><strong>0</strong></span> <span class='ocrx_word' id='word_1_293' title='bbox 335 2815 362 2844; x_wconf 86' lang='lat' dir='ltr'><strong>a</strong></span> <span class='ocrx_word' id='word_1_294' title='bbox 397 2803 414 2859; x_wconf 88' lang='grc' dir='ltr'><strong>ΙΙ</strong></span> <span class='ocrx_word' id='word_1_295' title='bbox 451 2807 506 2847; x_wconf 80' lang='grc'><strong>79</strong></span> <span class='ocrx_word' id='word_1_296' title='bbox 545 2802 694 2859; x_wconf 84' lang='lat' dir='ltr'><strong>egerit</strong></span> <span class='ocrx_word' id='word_1_297' title='bbox 730 2802 992 2848; x_wconf 66' lang='lat' dir='ltr'><strong>Amantius:</strong></span> <span class='ocrx_word' id='word_1_298' title='bbox 1034 2803 1184 2861; x_wconf 84' lang='lat' dir='ltr'><strong>eriget</strong></span> <span class='ocrx_word' id='word_1_299' title='bbox 1221 2808 1250 2846; x_wconf 92' lang='grc'><strong>0</strong></span> <span class='ocrx_word' id='word_1_300' title='bbox 1288 2819 1316 2847; x_wconf 77' lang='grc' dir='ltr'><strong>ει</strong></span> <span class='ocrx_word' id='word_1_301' title='bbox 1354 2804 1492 2861; x_wconf 84' lang='lat' dir='ltr'><strong>erigit</strong></span> <span class='ocrx_word' id='word_1_302' title='bbox 1531 2809 1560 2849; x_wconf 83' lang='grc' dir='ltr'><strong>ς</strong></span> <span class='ocrx_word' id='word_1_303' title='bbox 1599 2807 1615 2862; x_wconf 82' lang='grc' dir='ltr'><strong>ΙΙ</strong></span> <span class='ocrx_word' id='word_1_304' title='bbox 1653 2809 1709 2850; x_wconf 91' lang='grc'><strong>83</strong></span> <span class='ocrx_word' id='word_1_305' title='bbox 1753 2808 1856 2852; x_wconf 87' lang='lat' dir='ltr'><strong>tuto</strong></span> 
     </span>
     <span class='ocr_line' id='line_1_44' title="bbox 0 2860 842 2918; baseline 0 -14"><span class='ocrx_word' id='word_1_306' title='bbox 0 2877 3 2882; x_wconf 93' lang='lat'><em>·</em></span> <span class='ocrx_word' id='word_1_307' title='bbox 87 2860 252 2918; x_wconf 71' lang='lat' dir='ltr'><strong>scripsi</strong></span> <span class='ocrx_word' id='word_1_308' title='bbox 280 2860 308 2905; x_wconf 79' lang='lat' dir='ltr'><strong>l.</strong></span> <span class='ocrx_word' id='word_1_309' title='bbox 341 2860 370 2907; x_wconf 84' lang='lat' dir='ltr'><strong>l.</strong></span> <span class='ocrx_word' id='word_1_310' title='bbox 395 2874 445 2917; x_wconf 78' lang='lat' dir='ltr'><strong>p.</strong></span> <span class='ocrx_word' id='word_1_311' title='bbox 477 2864 595 2907; x_wconf 82' lang='lat'><strong><em>259.-</em></strong></span> <span class='ocrx_word' id='word_1_312' title='bbox 625 2862 724 2906; x_wconf 76' lang='lat' dir='ltr'><strong>toto</strong></span> <span class='ocrx_word' id='word_1_313' title='bbox 756 2866 784 2904; x_wconf 81' lang='lat'>0</span> <span class='ocrx_word' id='word_1_314' title='bbox 815 2877 842 2904; x_wconf 84' lang='lat' dir='ltr'><strong>a</strong></span> 
     </span>
    </p>
   </div>
  </div>
 </body>
</html>
