2014 3164
167 204 275 256 124

483 207 532 251 P.
564 207 793 251 PAPINII
826 206 1025 252 STATII
1058 207 1369 253 SILUARUM
1398 210 1450 254 L.
1481 210 1546 255 IV
1592 216 1632 255 9.

427 323 667 377 Cumano
705 326 919 393 patinas
958 327 1045 380 uel
1086 328 1215 381 orbe
1253 330 1425 381 tortas

422 397 536 449 Aut
574 416 738 450 unam
775 399 900 452 dare
941 401 1223 468 synthesin
1261 398 1411 469 (quid
1448 401 1698 474 horres‘P)

421 470 686 523 Alborum
727 471 952 525 calicum
991 476 1150 542 atque
1190 474 1574 527 caccaborum?
1869 490 1926 530 45

423 542 525 595 Sed
564 546 708 595 certa
746 545 896 598 uelut
934 564 1132 614 aequus
1172 546 1230 597 in
1269 548 1488 615 statera,

419 614 512 668 Nil
552 619 745 684 mubaS‚
785 619 876 670 sed
913 619 1054 671 idem
1093 619 1226 671 mihi
1263 620 1525 688 rependis,

421 688 557 750 Quid
597 690 657 757 si,
695 707 814 742 cum
853 692 988 744 bene
1027 709 1183 744 mane
1224 693 1550 746 semicrudus

418 761 653 814 Inlatam
691 763 791 815 tibi
831 764 1010 817 dixero
1051 766 1294 833 salutem,

417 834 492 886 Et
529 837 589 887 tu
626 848 711 888 me
750 837 955 890 uicibus
994 838 1138 891 domi
1176 838 1416 891 salutes?
1869 856 1925 896 50

417 907 530 960 Aut
568 926 688 961 cum
726 927 812 962 me
850 910 984 979 dape
1023 911 1221 963 iuueris
1261 911 1462 980 opima,

418 980 680 1049 Expectes
722 983 920 1035 similes
961 986 1015 1035 et
1051 985 1166 1052 ipse
1205 984 1403 1036 cenas?

417 1053 627 1107 Irascor
663 1055 779 1124 tibi,
817 1054 1007 1124 Grype.
1071 1056 1163 1109 sed
1200 1057 1431 1124 ualebis3

420 1126 655 1179 Tantum
693 1146 761 1179 ne
799 1129 945 1193 mihi,
986 1146 1089 1197 quo
1130 1130 1268 1181 soles
1308 1130 1506 1199 lepore,

417 1200 491 1252 Et
527 1218 668 1253 nunc
706 1200 1184 1270 hendecasyllabos
1223 1203 1482 1256 remittas.
1869 1222 1924 1262 55

268 1436 325 1476 43
357 1431 435 1475 uel
466 1433 560 1487 (an)
591 1431 837 1477 Heinsius.-
866 1433 916 1477 in
947 1437 976 1475 c
1007 1449 1034 1476 a.
1057 1436 1072 1491 ΙΙ
1095 1437 1151 1478 45
1178 1434 1414 1479 Obbarum
1444 1436 1667 1482 Heinsius
1690 1439 1705 1494 ΙΙ
1728 1443 1784 1483 47
1808 1440 1926 1485 mihi

150 1494 187 1531 A
219 1494 268 1533 c:
300 1488 419 1533 nihil
452 1494 480 1534 ς
519 1492 535 1547 ΙΙ
571 1494 628 1533 48
660 1492 814 1537 malim
845 1493 1111 1536 seminudus
1149 1494 1164 1549 ΙΙ
1197 1498 1254 1538 49
1286 1494 1486 1539 Inlotam
1517 1495 1778 1541 Scriverius
1813 1499 1830 1554 ΙΙ
1867 1504 1924 1543 54

149 1563 207 1592 ne
240 1553 268 1592 ς
302 1563 348 1591 a:
380 1562 455 1594 me
488 1553 516 1591 c
543 1550 551 1604 Ι
579 1563 671 1606 quo
692 1550 922 1608 -lepore
952 1555 1010 1595 A:
1043 1552 1167 1609 quod
1199 1578 1254 1584 —
1285 1553 1434 1612 lepori
1465 1558 1493 1596 c
1517 1555 1532 1610 ΙΙ
1557 1559 1611 1599 55
1643 1556 1924 1614 endecasyll.

151 1611 238 1650 ca.

822 2078 1107 2087 unum—.-
1112 2079 1242 2087 -—-.--0.
