2014 3164
683 183 993 230 slmARUM
1024 183 1073 230 L.
1106 184 1141 240 1,
1172 189 1213 228 2.
1766 187 1831 240 13

75 305 220 361 Uoce
259 303 578 377 (pharetrati
615 320 854 374 pressere
893 302 1107 355 silentia
1143 300 1386 372 fratres):

8 379 9 434 Ϊ
76 378 218 433 ‘Scis
256 381 332 448 ut,
370 376 586 446 mater’‚
631 377 709 430 ait
747 375 924 429 ‘nulla
962 375 1096 428 mihi
1135 375 1352 429 dextera
1389 378 1569 446 segnis
1778 394 1833 434 65

8 471 9 478 ¹
74 451 291 521 Militia3
331 467 713 521 quemcumque
750 449 1026 502 hominum
1065 448 1350 518 diuumque
1389 449 1601 520 dedisti,

8 559 9 593 ;
73 524 273 579 Uritur.
349 526 407 578 at
444 524 711 592 quondam
749 522 984 575 lacrimis
1023 524 1077 573 et
1114 523 1350 591 supplice
1388 523 1575 578 dextra

37 663 39 666 Α
74 597 148 652 Et
184 597 326 651 uotis
365 597 714 666 precibusque
752 595 928 648 uirum
966 594 1195 649 concede
1235 596 1454 664 moueri,

8 691 9 696 ¹
75 670 119 724 Ο
159 670 423 741 genetrix:
463 670 594 722 duro
633 686 731 722 nec
769 669 913 721 enim
953 685 1016 721 ex
1054 667 1339 721 adamante
1378 671 1558 737 creati,

75 742 180 797 Sed
218 746 311 797 tua
346 743 506 795 turba
545 759 741 795 sumus.
818 742 991 794 clarus
1031 739 1094 794 de
1134 744 1292 810 gente
1329 740 1525 796 Latina
1782 760 1837 800 70

38 862 43 869 ,
74 816 175 869 Est
211 816 434 884 iuuenis,
472 831 629 885 quem
666 815 905 883 patriciis
944 814 1237 867 maioribus
1275 818 1455 868 ortum

6 950 7 953 Ἴ
34 903 35 906 ’
74 888 346 942 Nobilitas
386 888 575 959 ganisa
611 888 737 941 tulit
773 904 1139 957 praesagaque
1177 887 1381 942 formae

73 961 327 1015 Protinus
365 980 394 1015 e
431 963 616 1016 nostro
656 963 839 1030 posuit
875 961 1196 1030 cognomina
1234 962 1396 1015 caelo.

74 1034 232 1088 Hunc
271 1038 485 1106 egomet
520 1037 639 1087 tota
677 1034 951 1103 (quoniam
990 1034 1090 1087 tibi
1129 1034 1303 1104 dulce)
1342 1034 1595 1103 pharetra

73 1107 357 1176 Improbus
397 1111 451 1161 et
489 1107 653 1161 densa
690 1107 1050 1175 trepidantem
1089 1107 1305 1176 cuspide
1343 1108 1451 1161 fixi.
1784 1125 1837 1165 75

75 1179 331 1244 Quamuis
369 1179 630 1235 Ausoniis
669 1181 899 1234 multum
939 1196 1105 1249 gener
1141 1180 1231 1233 ille
1269 1181 1469 1250 petitus

73 1252 350 1323 Matribus,
389 1254 599 1308 edomui
636 1254 836 1307 uictum
877 1253 1228 1323 dominaeque
1266 1257 1500 1323 potentis

27 1355 37 1384 ;
73 1325 232 1380 Ferre
269 1327 454 1397 iugum
493 1330 547 1380 et
582 1327 775 1396 longos
814 1326 945 1380 iussi
983 1345 1194 1395 sperare
1234 1346 1330 1396 per
1367 1347 1551 1383 annos.
1611 1332 1618 1337 ’

13 1411 14 1415 ’
75 1399 178 1454 Ast
214 1400 362 1453 illam
401 1417 610 1453 summa
646 1400 839 1453 leuiter
878 1398 978 1468 (sic
1016 1418 1247 1469 namque
1285 1401 1532 1473 iubebas)

73 1471 345 1542 Lampade
382 1475 660 1542 parcentes
700 1475 755 1525 et
791 1473 950 1525 inerti
989 1474 1299 1526 strinximus
1339 1492 1481 1529 arcu.
1781 1489 1839 1531 80

74 1545 157 1599 Ex
194 1546 288 1599 illo
328 1548 560 1616 quantos
599 1546 806 1598 iuuenis
844 1548 1054 1613 premat
1090 1547 1277 1599 anxius
1316 1547 1469 1616 ignes

76 1618 255 1672 Testis
293 1635 409 1689 eg0,
448 1618 708 1672 attonitus
747 1622 1007 1688 quantum
1047 1637 1131 1671 me
1168 1623 1323 1673 nocte
1362 1621 1551 1690 dieque

12 1709 22 1747 3-
75 1690 372 1762 Urgentem
409 1691 562 1746 ferat.
637 1691 781 1745 haud
818 1692 914 1743 ulli
952 1692 1321 1745 uehementior
1359 1712 1610 1763 umquam

74 1763 314 1835 Incubui,
353 1765 609 1835 genetrix,
646 1764 945 1834 iterataque
983 1765 1209 1818 uulnera
1246 1766 1374 1819 fodi.

12 1868 14 1870 v
75 1836 201 1891 Uidi
239 1853 340 1908 ego
379 1840 434 1891 et
470 1837 664 1891 immiti
704 1838 954 1907 cupidum
992 1838 1267 1891 decurrere
1306 1858 1497 1909 campo
1779 1856 1836 1897 85

37 1939 39 1943 v
74 1909 484 1980 Hippomenem‚
519 1928 618 1964 nec
655 1911 731 1964 sic
769 1914 913 1964 meta
951 1912 1190 1980 pallebat
1225 1913 1280 1965 in
1320 1913 1452 1983 ipsa.

40 2019 46 2027 Δ
74 1981 203 2037 Uidi
239 1987 294 2036 et
330 1983 582 2053 Abydeni
618 1984 829 2037 iuuenis
867 1986 1130 2038 certantia
1167 1987 1327 2039 remis

75 2055 307 2110 Brachia
341 2057 661 2127 laudauique
698 2075 890 2111 manus
929 2062 984 2111 et
1021 2077 1179 2127 saepe
1216 2061 1428 2114 natanti

75 2129 348 2184 Praeluxi:
386 2131 565 2184 minor
601 2131 691 2184 ille
730 2131 876 2185 calor
914 2149 1017 2200 quo
1057 2150 1219 2186 saeua
1256 2134 1515 2202 tepebant

75 2202 348 2272 Aequora:
386 2206 447 2258 tu
484 2206 707 2274 ueteres,
742 2205 967 2274 iuuenis»,
1003 2209 1370 2276 transgressus
1409 2226 1634 2263 amores.
1782 2223 1839 2264 90

75 2274 198 2345 Ipse
236 2293 336 2347 ego
372 2279 428 2330 te
464 2279 648 2332 tantos
687 2278 869 2347 stupui
906 2278 1123 2332 durasse
1161 2298 1256 2348 per
1294 2283 1475 2334 aestus

12 2403 13 2406 ,
75 2347 416 2420 Firmauique
455 2350 665 2404 animos
703 2351 1016 2421 blandisque
1054 2353 1326 2406 madentia
1363 2355 1559 2422 plumis

11 2420 15 2427 ’
75 2421 304 2476 Lumina
340 2423 550 2477 detersi.
625 2424 872 2493 quotiens
911 2425 1043 2478 mihi
1082 2430 1300 2496 questus
1339 2427 1553 2497 Apollo,

78 2493 164 2549 Sic
201 2500 383 2551 uatem
421 2514 655 2551 maerere
694 2499 871 2575 suum!
919 2498 1043 2568 iam,
1081 2502 1268 2568 mater,
1306 2505 1515 2555 amatos

11 2778 16 2805 ‚
193 2749 249 2789 67
281 2744 462 2804 dextra]
497 2747 663 2802 questu
693 2744 975 2791 Schraderus
1006 2747 1023 2803 ΙΙ
1060 2750 1116 2792 68
1147 2746 1236 2790 uiri
1266 2747 1545 2793 Bernartius
1580 2750 1596 2805 Ι]
1636 2754 1692 2793 74
1724 2763 1836 2805 quo·

75 2801 202 2847 niam
242 2802 545 2849 Parrhasius.-
583 2805 817 2860 quondam
850 2810 878 2847 c
908 2820 937 2847 a
965 2806 981 2861 ss
1004 2803 1075 2850 82*
1091 2806 1319 2851 attonitus
1349 2811 1407 2850 A:
1450 2808 1650 2853 attonito
1682 2812 1712 2850 c
1741 2810 1757 2865 u
1781 2811 1838 2853 84

12 2914 16 2926 .
74 2860 172 2906 fodi
200 2865 239 2905 Δ
269 2866 318 2916 03
349 2863 504 2908 malim
533 2862 632 2907 fudi
654 2865 670 2920 ss
693 2869 749 2908 86
779 2863 829 2907 in
858 2863 954 2909 ima
985 2865 1158 2910 Markl.
