2014 3164
194 214 299 267 lOO
801 216 851 259 P.
882 216 1110 259 PAPINII
1141 216 1341 261 STATII

189 333 409 387 Uisibus
449 334 725 402 auratique
763 336 918 402 putes
957 335 1230 403 laquearia
1268 335 1413 387 caeli.

190 406 292 460 Hic
332 422 451 460 cum
491 406 779 460 Romuleos
818 425 1062 476 proceres
1101 408 1449 477 trabeataque
1488 406 1683 462 Caesar

189 480 426 549 Agmina
464 480 607 531 mille
648 480 806 532 simul
846 480 1002 533 iussit
1042 481 1373 533 discumbere
1412 482 1625 550 mensis,

190 554 316 622 Ipsa
356 554 501 605 sinus
542 554 780 605 accincta
819 552 977 606 Ceres
1017 553 1363 622 Bacchusque
1401 554 1649 607 laborant
1683 620 1688 623 ¹
2012 610 2014 613 ,

191 625 456 679 Sufficere.
533 627 756 678 aetherii
794 627 921 678 felix
960 627 1034 679 sic
1075 627 1252 680 orbita
1288 626 1441 679 fluxit
1890 642 1945 683 35

191 699 527 767 Triptolemi3
568 700 642 752 sic
679 699 894 752 uitifero
936 700 1033 752 sub
1072 700 1295 768 palmite
1332 700 1501 753 nudos

190 771 478 824 Umbrauit
516 773 676 825 colles
715 776 767 825 et
806 773 988 825 sobria
1026 791 1150 825 rura
1188 772 1415 841 Lyaeus,

191 844 296 898 Sed
334 846 467 897 mihi
505 863 616 898 non
655 847 838 914 epulas
875 846 1126 914 Indisque
1165 846 1348 899 innixa
1386 847 1647 899 columnis

189 918 407 971 Robora
444 918 752 971 Maurorum
790 920 1124 988 famulasque
1164 937 1228 972 ex
1267 920 1452 972 ordine
1489 923 1718 990 turmaS,
2010 973 2014 978 ,

189 992 386 1060 Ipsum,
424 992 599 1060 ipsum
632 992 823 1060 cupido
862 996 1075 1044 tantum
1115 995 1352 1060 spectare
1390 993 1603 1045 uacauit
1893 1006 1950 1046 4ο
2012 1004 2014 1024 ‘

189 1065 561 1134 Tranquillum
599 1066 781 1118 uultus
822 1068 875 1117 et
912 1066 1190 1118 maiestate
1229 1083 1416 1117 serena

188 1138 510 1191 Mulcentem
548 1140 724 1191 radios
765 1139 1288 1207 summittentemque
1326 1138 1564 1191 modeste

190 1211 459 1264 Fortunae
502 1213 696 1264 uexilla
735 1229 883 1277 suae3
923 1214 1104 1263 tamen
1144 1228 1234 1264 ore
1273 1211 1484 1264 nitebat

188 1284 568 1337 Dissimulatus
608 1285 796 1338 honos.
871 1285 1034 1337 talem
1074 1302 1283 1354 quoque
1314 1285 1574 1337 barbarus
1613 1285 1785 1338 hostis

190 1358 381 1410 Posset
420 1361 473 1409 et
510 1358 725 1428 ignotae
765 1361 1110 1425 conspectum
1148 1374 1435 1427 agnoscere
1471 1360 1673 1427 gentes.
1895 1372 1952 1412 45

188 1430 314 1484 Non
352 1432 508 1483 aliter
547 1432 723 1501 gelida
761 1430 1046 1499 Rhodopes
1086 1431 1143 1483 in
1181 1431 1322 1483 ualle
1359 1431 1621 1483 recumbit

189 1503 439 1557 Dimissis
480 1503 746 1557 Gradiuus
787 1505 959 1573 equis3
1001 1504 1075 1557 sic
1113 1504 1318 1557 lubrica
1356 1505 1512 1572 ponit

188 1577 434 1630 Membra
472 1578 820 1646 Therapnaea
858 1578 1124 1630 resolutus
1164 1577 1431 1647 gymnade
1470 1577 1677 1645 Pollux,

192 1650 279 1703 Sic
317 1651 456 1703 iacet
494 1651 561 1703 ad
601 1650 828 1720 Gangen
864 1650 1011 1703 Indis
1050 1650 1378 1703 ululantibus
1417 1649 1627 1718 Euhan,

191 1723 278 1777 Sic
318 1724 500 1792 grauis
540 1724 756 1777 Alcides
796 1726 921 1792 post
958 1723 1174 1776 horrida
1210 1724 1357 1776 iussa
1394 1741 1640 1776 reuersus
1897 1736 1952 1777 50

192 1796 472 1850 Gaudebat
510 1801 679 1850 strato
719 1798 861 1849 latus
902 1797 1168 1849 adclinare
1208 1797 1365 1849 leoni.

189 1870 367 1923 Parua
405 1871 595 1939 loquor
633 1870 859 1922 necdum
899 1888 1066 1938 aequo
1103 1873 1242 1939 tuos,
1281 1869 1597 1922 Germanice
1650 1869 1853 1922 uultus:

191 1944 353 2012 Talis,
391 1944 485 1996 ubi
524 1943 721 2003 Oceani
758 1944 918 1995 finem
957 1961 1273 2012 mensasque
1311 1943 1499 1996 reuisit

191 2016 520 2085 Aethiopum
561 2035 739 2069 sacros
779 2016 1001 2068 diffusus
1039 2019 1255 2068 nectare
1293 2017 1473 2069 uultus

191 2089 315 2142 Dux
354 2106 619 2159 superum,
658 2092 860 2142 secreta
895 2089 1044 2141 iubet
1081 2089 1205 2142 dare
1243 2089 1480 2142 carmina
1516 2087 1699 2141 Musas
1867 2101 1952 2145 ⁷55

190 2163 266 2216 Et
303 2163 616 2216 Pallenaeos
647 2162 924 2215 Phoebum
963 2162 1178 2215 laudare
1215 2162 1534 2231 triumphos

192 2237 264 2290 Di
302 2237 403 2288 tibi
443 2236 695 2306 (namque
736 2237 939 2289 animas
980 2253 1137 2304 saepe
1175 2235 1422 2288 exaudire
1461 2236 1694 2288 minores

193 2311 479 2379 Dicuntur)
511 2310 718 2378 patriae
756 2310 839 2361 bis
878 2313 1063 2378 terque
1103 2309 1241 2362 exire
1281 2311 1523 2362 senectae

192 2383 496 2436 Annuerint
533 2383 687 2435 fines!
727 2386 847 2435 rata
884 2383 1106 2435 numina
1142 2382 1351 2435 miseris
1391 2382 1566 2447 astriS,

193 2457 516 2525 Templaque
541 2456 631 2508 des
656 2456 970 2524 habitesque
996 2456 1203 2509 domos!
1244 2473 1402 2524 saepe
1428 2472 1606 2508 annua
1627 2453 1833 2524 pandas
1896 2467 1951 2507 60

193 2529 418 2599 Limina,
460 2548 616 2598 saepe
654 2547 795 2582 nouo
834 2529 1024 2582 Ianum
1062 2530 1250 2582 lictore
1290 2529 1504 2596 saluteS,

311 2723 369 2763 34
405 2718 589 2762 laborat
625 2721 663 2760 A
702 2722 751 2772 c,
791 2731 903 2764 corr.
937 2733 965 2760 a
986 2719 1002 2774 ΙΙ
1025 2721 1080 2762 35
1112 2716 1277 2761 Actaei
1306 2715 1528 2760 Heinsius
1562 2717 1578 2772 ΙΙ
1612 2719 1667 2760 38
1699 2714 1882 2760 Indisue
1914 2719 1955 2759 et

193 2782 249 2822 39
283 2777 541 2822 famulasue
585 2777 757 2820 Markl.
804 2775 820 2835 Η
866 2781 919 2820 41
953 2776 1088 2820 uultu
1125 2776 1205 2820 sed
1235 2779 1273 2817 A
1304 2779 1353 2829 c,
1393 2787 1505 2819 corr.
1542 2775 1806 2819 Politianus
1842 2776 1858 2831 ΙΙ
1897 2778 1953 2818 50

192 2839 318 2940 ἒιέἰῗα
343 2849 573 2940 ἓοιιθτοειθ
607 2835 779 2879 Markl.
826 2834 842 2893 Η
886 2839 943 2880 54
974 2847 1126 2879 sacros
1158 2834 1209 2879 S':
1242 2847 1371 2878 sacro
1402 2838 1431 2875 c·
1462 2847 1489 2876 a
1510 2834 1527 2887 ΙΙ
1551 2838 1602 2877 61
1638 2833 1836 2878 Lumina
1859 2837 1887 2875 c
1913 2848 1951 2886 a,
