2014 3164
204 200 277 253 42
420 263 423 265 μ
805 200 855 245 Ρ.
885 199 1115 244 PAPINII
1146 199 1345 244 STATII

206 320 375 374 Texta
413 321 595 390 legens
633 319 790 372 modo
829 318 1059 372 Puniceo
1097 319 1316 371 uelabat
1353 320 1572 388 amictu,

206 392 364 446 Nunc
401 394 595 445 herbas
634 393 877 444 imitante
917 392 1060 460 sinu,
1096 410 1236 444 nunc
1275 392 1424 444 dulce
1462 394 1675 446 rubenti

204 465 427 533 Murice,
465 483 608 517 nunc
645 465 784 516 uiuis
823 465 1019 534 digitos
1057 465 1338 517 incendere
1378 467 1601 534 gemmis

206 537 503 591 Gaudebat:
544 548 653 590 non
690 538 848 590 turba
887 556 1086 605 6011168,
1124 556 1234 590 11011
1273 556 1493 591 munera
1531 543 1762 594 cessant:
1885 556 1968 596 135

207 610 332 664 Sola
370 610 665 663 uerecundo
706 611 856 662 derat
892 613 1167 679 praetexta
1206 611 1396 663 decori.

205 684 354 737 Haec
392 685 609 737 fortuna
648 684 850 736 domus,
914 684 1117 736 subitas
1155 684 1374 736 inimica
1410 684 1613 737 leuauit

204 757 375 809 Parca
412 775 615 810 manus,
678 775 809 826 quc,
849 756 992 825 diua,
1030 757 1171 810 feros
1212 757 1391 826 grauis
1431 759 1601 810 exeris
1640 761 1881 830 ungues?

204 829 330 882 Non
367 833 421 882 te
459 830 632 882 forma
670 833 872 898 mouet,
911 848 1020 882 non
1058 833 1111 881 te
1150 830 1491 883 lacrimabilis
1531 833 1716 885 aetas?

204 902 364 956 Hunc
402 921 501 956 nec
541 921 699 955 866116
736 903 852 955 uiro
893 903 1158 970 potuisset
1195 921 1412 971 carpere
1450 904 1683 974 Progne,
1889 921 1972 961 140

205 975 320 1029 Ν66
357 977 471 1029 fera
510 977 746 1028 crudeles
788 974 1000 1028 Colchis
1040 976 1284 1028 durasset
1322 977 1380 1028 in
1417 977 1546 1045 iras,

205 1049 398 1102 Editus
438 1049 627 1102 Aeolia
663 1067 760 1101 nec
800 1049 845 1101 si
883 1049 1023 1101 foret
1059 1049 1163 1102 iste
1202 1047 1420 1118 Creusa3

207 1123 414 1175 Toruus
443 1123 522 1175 ab
559 1123 660 1174 hoc
699 1122 963 1174 Athamas
1001 1123 1220 1174 insanos
1259 1122 1496 1175 flecteret
1535 1142 1687 1178 arcus

205 1194 364 1248 Hunc
404 1214 724 1264 quamquam
763 1195 1055 1247 Hectoreos
1095 1195 1296 1246 cineres
1336 1195 1655 1265 Troiamque
1692 1216 1915 1266 perosus

206 1268 466 1321 Turribus
507 1287 534 1321 e
573 1268 823 1336 Phrygiis
862 1268 1043 1320 flesset
1080 1268 1337 1320 missurus
1376 1268 1576 1322 Ulixes.
1890 1284 1974 1325 145

208 1340 447 1410 Septima
483 1342 588 1409 lux,
628 1344 680 1392 et
717 1342 826 1393 iam
865 1341 1117 1408 frigentia
1152 1341 1357 1393 lumina
1394 1344 1631 1411 torpent,

207 1414 322 1466 Iam
363 1415 638 1482 complexa
677 1432 841 1465 manu
880 1414 1078 1464 crinem
1117 1416 1265 1465 tenet
1302 1414 1475 1466 infera
1511 1414 1662 1469 Iuno.

204 1487 304 1540 Ille
342 1491 547 1555 tamen,
584 1487 766 1539 Parcis
806 1487 1022 1555 fragiles
1060 1487 1373 1555 urgentibus
1413 1505 1608 1557 6111108,

209 1561 284 1612 Τ6
322 1562 475 1613 uultu
516 1560 772 1612 moriente
811 1560 957 1611 uidet
993 1560 1283 1628 linguaque
1322 1561 1543 1613 cadente

209 1633 531 1701 Murmurat3
570 1634 628 1685 in
665 1637 719 1685 te
760 1651 944 1686 omnes
983 1634 1139 1685 uacui
1177 1634 1286 1684 iam
1323 1635 1556 1701 pectoris
1597 1634 1742 1687 efflat
1894 1647 1977 1690 150

207 1706 517 1775 Relliquias‚
557 1707 729 1767 solum
767 1706 1013 1758 meminit
1051 1706 1326 1775 solumque
1363 1710 1647 1759 uocantem

207 1779 467 1848 Exaudit,
504 1780 708 1847 tibique
749 1797 843 1831 ora
880 1781 1083 1847 mouet,
1121 1779 1224 1831 tibi
1262 1779 1428 1831 uerba
1465 1781 1740 1850 relinquit,

208 1853 283 1906 Et
318 1853 572 1922 prohibet
609 1853 839 1921 gemitus
879 1852 1288 1920 consolaturque
1328 1852 1609 1906 dolentem.

206 1926 454 1979 Gratum·
478 1929 582 1994 est,
619 1925 774 1992 Fata,
814 1928 1016 1992 tamen,
1057 1924 1198 1994 quod
1235 1943 1346 1977 non
1385 1944 1527 1978 mors
1567 1927 1715 1979 lenta
1751 1928 1976 1981 iacentis

207 2000 403 2052 Exedit
439 1999 641 2068 puerile
681 1999 861 2066 (166118,
900 2016 1187 2067 manesque
1227 1999 1427 2050 subiuit
1894 2014 1978 2055 155

209 2073 427 2142 Integer
465 2075 519 2125 et
555 2073 703 2124 nullo
742 2074 1032 2124 temeratus
1072 2089 1295 2140 corpora
1333 2072 1550 2142 damnO,
1893 2103 1896 2105 ·

208 2145 394 2208 >Qualis
434 2149 562 2197 erat.
625 2145 749 2214 quid
789 2161 888 2214 ego
928 2145 1175 2214 exequias
1216 2148 1270 2197 et
1307 2145 1534 2214 prodiga
1571 2146 1800 2199 flammis

208 2218 367 2272 Dona
404 2220 596 2287 loquor
633 2221 943 2287 maestoque
983 2218 1225 2270 ardentia
1262 2218 1454 2270 funera
1490 2219 1653 2271 luxu?

210 2291 364 2354 Quod
401 2292 504 2344 tibi
541 2309 809 2359 purpureo
847 2291 1016 2342 tristis
1054 2294 1205 2344 torus
1245 2308 1440 2360 aggere
1481 2293 1668 2360 creuit,

211 2365 366 2427 Quod
405 2363 631 2417 Cilicum
670 2365 847 2432 fioreS‚
888 2365 1030 2433 quod
1068 2382 1290 2416 munera
1327 2365 1585 2434 graminis
1623 2365 1769 2434 Indi,
1896 2380 1980 2421 160

210 2438 467 2507 Quodque
505 2437 712 2490 Arabes
752 2437 1037 2506 Phariique
1076 2437 1470 2506 Palaestinique
1508 2439 1742 2507 liquores

209 2511 469 2564 Arsuram
507 2512 686 2564 lauere
726 2511 971 2563 comam?
1033 2511 1181 2579 cupit
1219 2511 1399 2563 omnia
1435 2511 1575 2563 ferre

331 2719 413 2759 132
445 2714 572 2771 leges
604 2719 633 2756 c
664 2729 705 2768 a,
746 2727 858 2758 corr.
894 2717 923 2758 ς
958 2714 974 2769 n
1015 2718 1099 2757 136
1139 2713 1299 2758 deerat
1338 2717 1368 2755 (Ξ
1398 2728 1426 2755 a
1462 2714 1478 2769 ΙΙ
1520 2718 1601 2758 138
1643 2727 1816 2771 angues
1848 2720 1877 2756 c
1908 2730 1935 2757 a
1964 2714 1981 2774 ΙΙ

214 2777 296 2817 143
329 2774 389 2817 ab
420 2773 509 2816 hoc
536 2773 734 2817 Markl.:
766 2773 824 2815 ad
849 2773 936 2816 hoc
967 2773 1039 2816 uel
1062 2772 1122 2816 ad
1154 2773 1276 2815 hunc
1308 2776 1336 2814 c
1361 2772 1512 2815 adhuc
1538 2777 1566 2816 ς
1592 2788 1619 2815 a
1641 2774 1656 2830 ΙΙ
1682 2778 1765 2816 144
1787 2773 1981 2828 fortasse

211 2831 461 2876 Hectoreas
492 2832 613 2876 uires
636 2831 651 2887 ΙΙ
679 2834 759 2874 158
792 2832 957 2886 loquar
987 2831 1224 2875 Aua‘ntius
1260 2832 1276 2887 ΙΙ
1316 2835 1399 2874 159
1432 2832 1560 2875 torus
1594 2836 1645 2876 3:
1678 2845 1816 2888 rogus
1849 2837 1877 2873 G
1909 2847 1936 2875 a.
1964 2831 1982 2893 Η

214 2895 296 2934 161
322 2890 666 2947 Palaestinique
698 2889 746 2933 J.
780 2889 1020 2933 Seldenus:
1059 2889 1216 2945 palam
1249 2889 1274 2934 ὅ
1306 2889 1496 2946 uidique
1527 2894 1564 2931 A
1596 2895 1624 2932 c
