2014 3164
674 220 982 266 SILUARUM
1014 221 1063 265 L.
1096 221 1175 278 111,
1207 226 1246 267 4.
1782 221 1847 275 87

69 342 296 398 Dicitur
330 339 532 395 Idalios
570 339 761 409 Erycis
801 339 864 392 de
902 340 1099 392 uertice
1138 340 1286 394 lucos

83 414 229 470 Dum
266 413 403 484 petit
441 416 495 467 et
533 413 720 466 molles
762 412 934 483 agitat
970 411 1155 466 Uenus
1196 432 1357 467 aurea
1396 430 1619 484 cygnos,

81 487 404 559 Pergameas
445 486 677 539 intrasse
717 485 918 555 domos,
956 485 1047 538 ubi
1086 487 1347 540 maximus
1388 488 1565 558 aegris

57 561 387 616 ²Auxiliator
424 560 576 614 adest
613 562 668 612 et
703 558 1018 612 festinantia
1057 559 1251 613 sistens

83 634 220 689 Fata
257 634 535 688 salutifero
574 632 722 686 mitis
763 632 891 685 deus
930 631 1151 685 incubat
1189 634 1367 703 angui.
1799 646 1855 687 25

65 706 187 762 ‘Hie
223 725 447 777 puerum
479 706 727 776 egregiae
765 705 1100 774 praeclarum
1140 705 1308 759 sidere
1348 707 1553 760 formae

81 780 260 851 Ipsius
301 782 426 834 ante
465 779 550 834 dei
588 779 858 831 ludentem
897 778 1160 847 conspicit
1198 797 1332 833 aras.

83 853 165 908 Ac
203 854 435 923 primum
475 852 653 906 subita
690 852 910 920 paulum
949 852 1172 921 decepta
1209 853 1384 922 figura

81 926 349 984 Natorum
385 926 449 980 de
487 925 642 996 plebe
680 928 858 995 putat3
900 924 991 977 sed
1031 942 1142 978 non
1182 929 1298 978 erat
1334 926 1414 978 illi

82 999 256 1055 Arcus
295 1002 349 1053 et
386 1017 451 1053 ex
487 998 724 1052 humeris
761 998 943 1051 nullae
981 998 1315 1069 fulgentibus
1354 999 1591 1054 umbrae.
1802 1014 1859 1054 80

63 1072 311 1139 *Miratur
349 1073 556 1143 puerile
595 1071 754 1125 decus
793 1072 1107 1141 uultumque
1147 1090 1432 1142 comasque

64 1146 363 1217 ‘Aspiciens
405 1145 553 1200 ‘tune
592 1143 886 1198 Ausonias'
927 1146 1004 1198 ait
1041 1144 1165 1198 ‘ibis
1205 1146 1271 1198 ad
1311 1163 1480 1216 arces,

66 1218 373 1291 'Neglectus
411 1217 645 1273 Ueneri?
685 1220 746 1270 tu
785 1218 1001 1272 sordida
1037 1221 1180 1271 tecta
1216 1219 1507 1289 iugumque

68 1292 301 1350 Seruii-‚ii
339 1293 560 1364 uulgare
599 1291 778 1344 feres?
830 1292 1017 1360 procul
1056 1292 1220 1345 absit:
1261 1309 1361 1362 ego
1401 1293 1507 1360 isti,

71 1366 254 1431 Quem
277 1366 487 1436 meruit,
509 1365 715 1419 formae
741 1364 1017 1418 dominum
1043 1365 1197 1418 dabo.
1235 1366 1370 1418 uade
1395 1383 1494 1437 age
1519 1384 1743 1436 mecum,
1805 1380 1860 1420 35

66 1438 249 1508 Uade,
286 1457 444 1509 puer:
485 1438 675 1492 ducam
713 1438 919 1491 uolucri
957 1455 1052 1507 per
1090 1438 1264 1491 sidera
1302 1457 1460 1492 curru

84 1512 301 1568 Donum
338 1512 554 1565 inmane
593 1511 740 1579 duci3
779 1529 878 1564 nec
914 1514 969 1564 te
1008 1512 1217 1580 plebeia
1254 1513 1552 1566 manebunt

63 1586 229 1641 'Iuraz
268 1585 514 1639 Palatino
553 1585 786 1638 famulus
827 1585 1033 1637 deberis
1073 1586 1257 1639 amori.

83 1658 178 1714 Nil
215 1675 330 1730 ego,
369 1659 462 1728 nil,
500 1659 690 1727 fateor,
728 1660 843 1711 toto
881 1660 993 1711 tam
1033 1658 1183 1710 dulce
1224 1659 1323 1711 sub
1365 1659 1493 1712 orbe

83 1733 197 1787 Aut
233 1732 345 1786 uidi
384 1734 479 1785 aut
516 1731 693 1802 genui.
747 1731 902 1784 cedat
939 1732 1039 1784 tibi
1077 1731 1317 1784 Latmius
1357 1733 1498 1785 ultro
1805 1746 1863 1786 40

74 1804 484 1877 Sangariusque
521 1822 654 1874 puer
691 1821 955 1874 quemque
994 1805 1147 1858 irrita
1185 1805 1352 1857 fontis
1392 1806 1571 1875 imago

82 1878 160 1934 Et
197 1878 396 1933 sterilis
435 1877 770 1947 consumpsit
807 1895 971 1931 amor.
1030 1880 1085 1930 te
1125 1878 1335 1939 caerula
1373 1877 1507 1931 Nais

83 1951 273 2008 Mallet
310 1954 365 2004 et
402 1969 671 2021 apprensa
707 1951 962 2004 traxisset
997 1950 1191 2004 fortius
1231 1969 1380 2005 urna.

84 2025 183 2096 Tu,
219 2043 366 2095 puer,
406 2027 530 2078 ante
571 2023 770 2094 omnis3
810 2025 955 2078 solus
994 2024 1282 2078 formosior
1319 2025 1426 2093 ille,

85 2097 187 2155 oui
224 2096 472 2152 daberis?
529 2098 606 2150 sic
646 2115 768 2151 orsa
805 2098 952 2151 leues
992 2115 1173 2151 secum
1211 2098 1330 2166 ipsa
1368 2117 1464 2167 per
1503 2117 1661 2152 auras
1805 2113 1861 2153 45

84 2170 254 2227 Tollit
291 2172 603 2240 olorinaque
641 2171 791 2223 iubet
828 2171 1104 2225 considere
1143 2171 1285 2241 biga.

65 2244 198 2307 ¹{Nec
235 2262 403 2300 mora.
459 2244 571 2298 iam
609 2243 752 2296 Latii
790 2247 1000 2297 montes
1039 2246 1340 2314 ueterisque
1379 2249 1602 2314 penates

83 2317 341 2384 Euandri,
382 2335 517 2388 quos
556 2318 704 2389 mole*
734 2335 877 2370 noua
914 2319 1070 2386 pater
1106 2317 1323 2371 inclitus
1362 2318 1511 2371 urbis

83 2390 301 2446 Excolit
339 2394 394 2444 et
431 2391 655 2445 summis
696 2390 891 2460 aequat
928 2389 1278 2444 Germanicus
1317 2393 1493 2445 astris,

6 2507 7 2510 η
86 2464 238 2520 Tunc
273 2464 492 2535 propior
530 2465 639 2517 iam
677 2482 805 2517 cura
842 2463 984 2532 deae,
1023 2482 1157 2533 quae
1194 2465 1371 2517 forma
1409 2466 1617 2535 capillis
1806 2480 1861 2519 50

86 2537 319 2609 Optima,
358 2555 493 2607 quae
531 2538 698 2591 uestis
737 2555 920 2590 roseos
960 2537 1248 2590 accendere
1287 2539 1471 2592 uultus

204 2801 262 2843 28
293 2797 470 2856 subita]
487 2797 630 2842 dubia
652 2797 900 2850 Heinsius,
930 2797 1094 2842 malim
1109 2797 1260 2843 nitida
1281 2800 1297 2856 Η
1320 2804 1376 2843 39
1400 2801 1501 2844 tam
1526 2803 1578 2843 3:
1607 2799 1704 2843 iam
1727 2803 1766 2843 A
1789 2805 1818 2843 0
1848 2804 1862 2859 Η

77 2866 79 2870 ”
115 2861 144 2901 0
174 2857 311 2903 cedat
341 2871 390 2900 a:
421 2857 556 2902 cedet
586 2860 615 2899 0
646 2856 815 2902 cedant
844 2856 1068 2900 Heinsius
1093 2858 1100 2913 Ι
1127 2857 1295 2902 lamius
1327 2861 1378 2914 Δ,
1410 2860 1478 2902 ita
1508 2859 1581 2902 uel
1610 2857 1762 2903 lanius
1787 2863 1816 2901 0
1848 2860 1863 2919 [ι

117 2919 143 2961 ’1
173 2917 446 2972 ueteresque
477 2919 506 2958 0
536 2930 577 2972 a,
609 2928 724 2960 corr.
755 2915 981 2959 Barthius
1002 2916 1018 2971 ΙΙ
1041 2918 1098 2958 48
1129 2916 1255 2960 urbis
1288 2921 1377 2960 ςα
1350 2932 1400 2959 a:
1434 2916 1557 2961 orbis
1589 2921 1618 2959 0
