2014 3164
155 195 257 247 128
758 195 808 238 Ρ.
839 195 1069 239 PAPINII
1101 195 1301 239 STATII

149 313 331 367 Unum
369 315 584 367 secretis
624 314 838 383 agitare
868 313 967 365 sub
1006 313 1215 365 ossibus
1253 314 1450 382 ignem.

148 388 315 440 Illum
351 405 449 440 nec
485 387 752 455 Phrygius
792 386 1038 438 uitiasset
1074 389 1260 454 raptor
1298 404 1534 439 amorem

150 460 451 513 Dulichiiue
488 460 636 528 proci
672 476 770 511 nec
809 460 902 527 qui
937 459 1204 511 fraternus
1245 459 1454 512 adulter

151 533 314 586 Casta
350 533 637 601 Mycenaeo
678 533 906 584 conubia
941 531 1139 600 polluit
1177 550 1321 584 auro,

150 606 208 659 Si
246 606 556 673 Babylonos
596 623 740 674 opeS,
777 604 958 673 Lydae
999 606 1044 657 si
1080 604 1319 672 pondera
1357 622 1519 674 gazae
1859 621 1916 662 00

150 679 512 748 Indorumque
551 679 704 731 dares
745 676 1037 747 Serumque
1075 678 1419 747 Arabumque
1456 682 1702 747 potentes

149 752 403 821 Diuitias,
441 752 626 804 mallet
662 769 782 804 cum
820 753 1137 819 paupertate
1176 750 1372 819 pudica

148 824 477 882 Intemerata
514 825 652 878 mori
689 825 964 893 uitamque
1000 824 1288 892 rependere
1326 824 1519 877 famae.

151 897 205 950 N
208 916 267 951 ec
303 899 455 951 frons
493 898 649 950 triste
687 898 867 967 rigens
907 897 1211 967 nimiusque
1250 897 1309 949 in
1347 898 1585 951 moribus
1624 900 1830 969 horror,

150 970 256 1024 Sed
294 972 519 1040 simplex
555 971 846 1039 hilarisque
884 971 1014 1023 fides
1054 973 1109 1022 et
1147 970 1316 1023 mixta
1352 970 1545 1039 pudori
1862 986 1917 1025 65

154 1044 359 1097 Gratia.
420 1044 563 1114 quod
602 1045 647 1096 si
686 1061 881 1112 anceps
919 1046 1094 1095 metus
1132 1043 1191 1094 in
1228 1043 1436 1095 maiora
1471 1048 1732 1113 uocasset,

149 1117 252 1170 Illa
289 1116 379 1170 uel
417 1117 692 1170 armiferas
730 1134 828 1184 pro
869 1117 1095 1185 coniuge
1133 1116 1279 1168 laeta
1318 1119 1564 1169 cateruas

150 1190 564 1259 Fulmineosque
602 1191 753 1258 ignes
798 1189 1062 1258 mediique
1099 1189 1337 1258 pericula
1374 1190 1530 1258 ponti

148 1264 449 1332 Exciperet.
507 1263 714 1331 meliuS,
753 1262 895 1331 quod
931 1280 1044 1315 non
1082 1262 1308 1315 aduersa
1343 1263 1654 1331 probarunt,

153 1337 297 1398 Quae
336 1337 437 1389 tibi
475 1354 602 1388 cura
637 1336 758 1403 tori,
798 1338 1032 1405 quantus
1070 1353 1168 1403 pro
1207 1336 1433 1405 coniuge
1471 1336 1671 1404 pallor!
1865 1350 1919 1390 70

151 1410 256 1463 Sed
292 1410 511 1462 meliore
549 1409 640 1461 uia
678 1409 895 1461 dextros
933 1411 1030 1461 tua
1067 1412 1198 1461 uota
1233 1409 1426 1462 marito

149 1484 496 1536 Promeruere
534 1483 678 1550 deos,
716 1482 843 1534 dum
881 1485 1037 1534 nocte
1077 1482 1265 1550 dieque
1302 1482 1500 1551 fatigas

149 1556 403 1624 Numina
441 1556 567 1608 dum
606 1556 808 1608 cunctis
849 1555 1073 1624 supplex
1111 1555 1412 1608 aduolueris
1452 1555 1558 1607 aris

147 1630 223 1682 Et
260 1631 447 1681 mitem
485 1628 702 1698 genium
740 1629 943 1681 domini
979 1629 1277 1696 praesentis
1317 1629 1522 1681 adoras.

148 1703 349 1755 Audita
387 1720 459 1771 es,
496 1703 748 1785 uenitque
788 1701 958 1771 gradu
994 1701 1236 1755 Fortuna
1273 1702 1521 1771 benigno,
1864 1717 1918 1756 75

148 1775 302 1829 Uidit
340 1776 535 1845 quippe
574 1776 650 1844 pii
687 1775 895 1827 iuuenis
932 1793 1235 1844 nauamque
1274 1776 1506 1844 quietem

147 1849 519 1917 Intactamque
556 1849 716 1900 fidem
755 1850 1127 1916 succinctaque
1164 1851 1386 1916 pectora
1425 1848 1564 1901 curis

148 1922 224 1975 Et
261 1923 453 1991 uigiles
493 1939 678 1974 sensus
718 1924 773 1973 et
811 1922 975 1990 digna
1015 1922 1257 1974 euoluere
1295 1924 1477 1974 tantas

149 1995 341 2049 Sobria
379 1994 540 2048 corda
577 1995 737 2063 uices,
774 1994 932 2058 uidit,
973 1995 1064 2063 qui
1102 1998 1295 2047 cuncta
1332 2012 1549 2047 suorum

147 2069 200 2122 N
203 2069 318 2122 ouit
356 2071 410 2120 et
446 2068 703 2137 inspectis
743 2068 913 2119 ambit
949 2068 1090 2120 latus
1130 2085 1287 2120 omne
1324 2068 1600 2120 ministris.
1862 2082 1918 2122 80

149 2141 262 2194 Nec
302 2142 520 2193 mirum:
559 2141 707 2194 uidet
745 2141 835 2192 ille
875 2143 1024 2193 ortus
1065 2141 1363 2211 obitusque,
1402 2141 1528 2209 quid
1568 2145 1763 2207 auster,

149 2215 289 2276 Quid
327 2216 518 2267 boreas
556 2215 810 2267 hibernus
851 2217 994 2283 agat,
1030 2214 1264 2284 ferrique
1302 2217 1565 2284 togaeque

149 2287 386 2342 Consilia
423 2290 583 2356 atque
620 2289 795 2356 ipsam
833 2291 1069 2339 mentem
1106 2288 1316 2355 probat.
1375 2288 1468 2340 ille
1508 2288 1742 2340 subactis

148 2361 351 2414 Molem
389 2361 707 2414 immensam
745 2361 981 2413 humeris
1023 2365 1080 2413 et
1116 2361 1208 2413 uix
1245 2361 1527 2414 tractabile
1566 2361 1776 2430 pondus

268 2597 324 2637 64
361 2593 411 2636 in
441 2591 645 2635 moribus
676 2595 733 2635 A:
772 2591 1026 2636 minoribus
1055 2594 1129 2636 uel
1165 2591 1417 2636 maioribus
1448 2596 1477 2633 G
1515 2594 1531 2648 ΙΙ
1568 2597 1623 2636 66
1655 2592 1704 2636 111
1733 2594 1918 2648 scripsi:

149 2653 197 2696 et
227 2655 257 2693 G
288 2667 316 2693 a.
357 2651 417 2695 ad
450 2655 478 2694 ς
516 2655 521 2706 Ι
555 2653 770 2694 uocasset
802 2655 853 2694 ⁶3:
893 2652 1102 2695 natasset
1131 2655 1170 2694 A
1202 2653 1411 2695 uacasset
1441 2654 1470 2692 c
1508 2653 1524 2706 Η
1563 2655 1618 2695 76
1656 2665 1918 2707 nauamque

151 2710 351 2754 Markl.:
388 2723 649 2765 uanamque
682 2713 710 2750 G
743 2724 770 2751 a
807 2710 823 2764 ss
861 2712 918 2753 80
950 2709 1118 2764 ambit3
1150 2714 1268 2765 puto
1307 2708 1454 2766 cingit
1491 2710 1575 2753 πεῖ·
1596 2709 1774 2754 claudit
1807 2712 1823 2765 ΙΙ
1861 2715 1914 2755 81

149 2770 306 2813 auster
341 2771 392 2812 ςε
434 2769 587 2812 arctos
630 2771 668 2810 A
701 2772 729 2809 c
776 2769 791 2824 ss
837 2771 892 2810 82
925 2769 1082 2812 malim
1112 2768 1208 2813 alat
1258 2770 1264 2824 Ι
1313 2769 1543 2824 togaeque
1567 2768 1721 2812 Dom:
1755 2772 1917 2826 rotage

149 2827 212 2869 A*
245 2831 274 2868 c
313 2826 326 2885 Ι]
366 2831 421 2871 83
462 2826 667 2871 subactis
707 2826 966 2871 Amantius:
1011 2826 1183 2871 iubatis
1224 2830 1253 2868 c
1293 2841 1320 2869 a
1356 2827 1510 2871 beatis
1547 2827 1770 2871 Heinsius
1808 2829 1823 2884 ΙΙ
1861 2831 1918 2870 84

149 2886 328 2942 pondus
361 2886 620 2929 Auantius:
651 2888 835 2942 tempus
868 2889 897 2926 c
928 2900 956 2927 a
