1994 3112
618 239 904 286 EDITORIS
935 239 1297 285 PRAEFATlo.
1790 257 1837 285 lx

77 362 308 418 secunda
344 360 432 416 hic
469 360 578 414 illic
618 359 731 414 siue
776 360 834 413 in
870 361 1023 413 textu
1061 358 1173 412 siue
1225 359 1281 413 in
1325 359 1567 429 margine
1603 359 1841 412 restituit

75 436 330 491 lectiones
377 433 590 489 aliunde
635 433 855 502 petitas,
901 432 1093 502 quibus
1132 432 1264 485 mire
1304 450 1424 486 cum
1463 431 1839 502 Rehdigerano

76 507 343 564 conuenit.
410 525 530 562 cum
568 505 802 559 Budensi
850 505 1046 559 artiore
1084 505 1423 575 cognationis
1462 506 1677 558 uinculo
1715 522 1838 559 con·

76 581 245 637 iuncti
284 583 409 635 sunt
445 583 500 633 et
537 578 940 647 Salisburyensis
977 576 1056 647 (et
1092 577 1180 631 hic
1216 596 1359 632 nunc
1391 577 1840 646 Uindobonensis,

74 672 155 710 nr.
185 654 291 710 251
331 651 512 724 Endl.)
550 656 605 705 et
645 652 868 708 Urbinas
899 651 1022 719 649,
1061 651 1151 704 sed
1190 654 1252 705 ut
1288 650 1522 705 Budensi
1559 651 1720 721 longe
1759 668 1840 704 ce·

9 791 10 795 Ἰ
75 728 220 784 dant.
306 727 364 781 hi
418 729 596 780 autem
647 725 751 779 duo
802 725 955 794 libri,
1002 723 1410 795 Rehdigeranus
1461 729 1514 778 et
1563 724 1841 793 Budensis,

10 855 15 870 ᾗ
41 842 44 847 .
75 800 318 872 quamuis
358 798 636 870 deprauati
666 798 1077 868 interpolatique
1109 798 1218 851 sint
1248 802 1303 851 et
1333 797 1454 867 ipsi,
1488 801 1671 851 tamen
1702 798 1843 851 inter

12 871 14 873 ’
42 906 45 909 «
76 876 278 929 ceteros
311 871 471 927 Statii
501 871 708 926 codices
740 871 933 925 summi
966 874 1093 924 sunt
1123 871 1296 940 pretii.
1348 871 1675 940 reliquorum
1699 871 1842 924 enim

43 991 45 994 .
73 948 247 1016 turba,
285 963 607 1018 quamquam
647 963 679 998 a
715 947 904 998 neutro
937 944 1154 997 illorum
1186 943 1435 1013 pendent,
1474 945 1646 1014 magis
1678 945 1842 997 etiam

12 1070 21 1087 s
73 1020 272 1076 infecta
318 1022 400 1074 est
447 1018 789 1087 corruptione
836 1018 1135 1086 omnigena.
1211 1018 1351 1070 inter
1400 1036 1533 1086 quos
1582 1017 1844 1071 referendi

0 1088 21 1164 3
84 1093 326 1150 Uaticam‘
363 1092 523 1161 3282,
562 1092 723 1160 3283,
761 1091 928 1157 38753
973 1091 1274 1159 Reyinensis
1318 1091 1482 1160 19763
1533 1090 1842 1146 Uallicellia·

72 1184 173 1223 nus
211 1164 271 1237 O,
309 1166 402 1237 953
442 1161 822 1234 Neapolitanus
859 1163 941 1217 111
979 1163 1025 1217 E
1065 1165 1152 1218 48.
1230 1163 1457 1234 denique
1496 1168 1619 1233 post
1658 1165 1842 1217 inuen-

12 1191 43 1315 ξς
73 1242 187 1296 tam
225 1241 395 1295 artem
440 1238 888 1309 typographicam
937 1238 1137 1291 exarati
1184 1242 1310 1290 sunt
1348 1238 1610 1291 Leidensis
1649 1241 1704 1290 et
1740 1237 1843 1291 Pa-

18 1313 38 1350 Υ
72 1315 269 1370 risinus
313 1313 507 1383 aliique
552 1312 798 1367 nonnulli
845 1329 876 1364 a
925 1311 1191 1380 prioribus
1239 1311 1438 1364 criticis
1485 1311 1740 1375 adhibiti,
1784 1315 1842 1364 ut

74 1386 326 1456 smmis,
363 1385 753 1454 Capilupianus,
798 1383 1160 1447 Florentinus;
1212 1385 1302 1453 qui
1342 1402 1527 1438 omnes
1566 1384 1845 1438 doctorum

73 1459 336 1515 Italorum
374 1459 690 1512 coniecturis
721 1460 929 1511 scatent
965 1475 1137 1526 neque
1175 1457 1450 1526 proprium
1487 1457 1692 1510 habent
1728 1475 1844 1527 pre·

73 1534 209 1588 tium
238 1533 422 1587 ullum.
480 1549 608 1586 nam
640 1533 694 1584 et
730 1548 822 1584 eae
862 1548 993 1600 quas
1031 1531 1088 1583 in
1117 1529 1422 1583 Parisinum
1453 1549 1644 1584 manus
1676 1531 1846 1585 altera

32 1639 34 1643 ν
73 1606 258 1661 intulit
302 1605 557 1659 lectiones
603 1622 712 1658 non
759 1622 822 1657 ex
867 1606 1079 1657 uetusto
1128 1604 1360 1674 quodam
1407 1604 1568 1673 libro,
1615 1607 1677 1657 ut
1713 1622 1843 1658 non·

73 1680 216 1734 nulli
244 1678 526 1750 putabant,
555 1678 758 1747 petitae
790 1680 928 1745 sunt,
968 1677 1059 1729 sed
1089 1677 1287 1745 partim
1320 1695 1383 1729 ex
1415 1677 1594 1730 codice
1627 1678 1845 1731 meliore

73 1751 434 1822 Rehdigerani
473 1751 633 1822 simili
678 1750 877 1819 partim
917 1767 979 1802 ex
1027 1749 1170 1802 docti
1209 1749 1485 1803 cuiusdam
1523 1768 1634 1803 non
1674 1750 1845 1820 inepti

74 1824 393 1881 coniecturis
423 1823 704 1878 fluxerunt.
728 1852 800 1860 —
831 1823 1183 1892 plurimorum
1215 1823 1473 1876 librorum
1514 1842 1676 1893 supra
1706 1842 1845 1878 com-

73 1901 491 1953 memoratorum
521 1897 834 1951 collationes
865 1896 1224 1964 inspiciendas
1262 1896 1645 1950 humanissime
1685 1898 1844 1951 nobis

43 1972 337 2028 'concessit
380 1969 445 2024 A.
481 1969 760 2038 Imhofius3
805 1968 1035 2023 Parisini
1097 1973 1150 2022 et
1195 1968 1541 2038 Neapolitani
1588 1971 1843 2024 lectiones

52 2044 436 2116 suppeditauit
466 2041 524 2098 O.
546 2042 799 2097 Bursiani
829 2043 1224 2111 beneuolentia3
1261 2043 1384 2096 libri
1406 2042 1672 2096 Budensis
1697 2045 1844 2098 locos

73 2118 361 2173 nonnullos
397 2116 755 2171 intercedente
785 2115 1065 2170 Theodoro
1104 2115 1421 2186 Gomperzio
1459 2117 1655 2170 iterum
1686 2118 1844 2172 nobis

55 2191 406 2262 'comparauit
449 2190 689 2244 Isidorus
727 2189 1056 2260 HilbergiuS.
1093 2221 1166 2228 —
1205 2193 1440 2244 ceterum
1487 2190 1551 2273 cis.
1591 2191 1655 2244 de
1702 2191 1842 2245 codi-

73 2265 223 2320 cibus
274 2263 532 2319 Statianis
589 2264 909 2316 disserentes
958 2263 1022 2316 A.
1071 2262 1328 2317 Imhofius
1389 2264 1447 2316 in
1503 2264 1700 2317 libellis
1753 2264 1843 2318 ‘de

73 2339 332 2392 siluarum
383 2335 605 2391 Statian.
663 2336 971 2390 condicione
1021 2336 1229 2390 critica'
1278 2356 1329 2406 p.
1375 2337 1447 2391 35
1494 2355 1605 2407 sqq.
1651 2342 1706 2390 et
1754 2338 1843 2391 ‘P.

24 2459 51 2492 ,ἢ
72 2409 282 2482 Papinii
329 2408 487 2464 Statii
535 2411 720 2480 ecloga
760 2409 827 2462 ad
875 2409 1125 2464 uxorem'
1164 2429 1214 2480 p.
1250 2412 1277 2463 1
1322 2429 1451 2481 sqq„
1489 2410 1558 2466 H.
1596 2410 1843 2481 Nomius,

24 2493 57 2543 *t
73 2487 278 2554 quaest.
309 2482 443 2538 Stat.
480 2502 531 2553 p.
569 2483 802 2537 31-35.

221 2557 353 2611 Tres
401 2557 526 2610 illae
577 2557 818 2611 codicum
867 2557 1103 2610 familiae
1154 2556 1402 2629 (Rehdig.
1451 2589 1525 2598 —
1575 2557 1841 2611 Budensis

28 2644 49 2686 a
73 2648 194 2684 cum
241 2630 460 2685 asseclis
500 2661 569 2669 —
608 2631 936 2700 reliquorum
981 2629 1163 2703 turba)
1211 2650 1319 2685 non
1366 2650 1464 2701 pro
1506 2651 1561 2686 se
1602 2650 1842 2702 quaeque

32 2688 137 2757 lex
186 2704 303 2772 ipso
350 2702 705 2774 Sangallensi,
755 2704 847 2757 sed
897 2721 960 2756 ex
1009 2723 1116 2758 uno
1167 2705 1456 2775 eodemque
1505 2706 1662 2759 huius
1715 2724 1841 2774 apo-

29 2752 57 2838 :fi
73 2777 278 2847 grapho
317 2794 412 2846 per
441 2777 618 2830 uarios
659 2777 871 2847 gradUS,
911 2796 1043 2847 quos
1080 2778 1166 2831 hic
1198 2797 1460 2847 exponere
1490 2780 1713 2849 longum
1744 2783 1842 2846 est,

35 2842 349 2908 {fluxerunt
430 2851 515 2903 tot
565 2851 707 2903 enim
756 2850 888 2904 locis
937 2852 1060 2904 illae
1114 2856 1300 2905 contra
1348 2850 1399 2904 A
1449 2853 1535 2905 uel
1580 2853 1711 2906 adeo
1762 2850 1843 2905 A*

32 2909 383 2992 'l'conspirant
435 2925 496 2976 ut
545 2922 631 2976 hic
686 2942 978 2977 consensus
1031 2925 1285 2994 explicari
1334 2929 1567 2995 nequeat
1618 2926 1722 2979 nisi
1778 2945 1841 2978 ex
