2014 3164
165 210 270 262 104
763 211 812 255 Ρ.
845 210 1074 255 PAPINII
1106 211 1308 257 STATII

425 329 541 381 Iam
579 332 800 397 pontem
837 329 954 382 fero
992 331 1313 399 peruiusque
1353 332 1551 402 calcor3

423 401 525 463 Qui
563 405 736 454 terras
774 420 961 470 rapere
1001 406 1055 455 et
1093 406 1270 456 rotare
1310 404 1473 457 siluas

421 474 730 544 Assueram,
768 475 954 543 pudet!
996 477 1168 528 amnis
1208 494 1323 529 esse
1362 479 1560 546 ‹zoepi3⁴
1864 493 1921 535 80

424 546 527 599 Sed
566 551 744 616 grates
785 565 886 618 ago
927 549 1259 617 seruitusque
1297 551 1439 602 tanti
1473 555 1568 620 est,

423 619 576 681 Quod
615 621 713 673 sub
751 623 805 672 te
845 622 988 690 duee,
1026 625 1080 673 te
1118 622 1350 691 iubente,
1389 625 1539 693 cessi,

423 692 575 754 Quod
613 696 673 745 tu
710 695 971 746 maximus
1013 695 1213 747 arbiter
1249 713 1504 764 meaeque

422 765 611 819 Uictor
646 770 934 835 perpetuus
973 768 1148 837 legere
1186 769 1347 837 ripae.

422 837 498 890 Et
534 857 678 891 nunc
715 841 886 892 limite
925 859 1009 893 me
1049 841 1178 902 eolis
1218 842 1378 894 beato
1865 858 1921 899 85

420 910 534 964 Nec
574 913 785 965 sordere
826 914 957 966 sinis
995 915 1300 984 malumque
1338 917 1447 967 late
1907 936 1910 939 ⁴

421 984 681 1054 Deterges
722 987 921 1039 sterilis
962 988 1061 1040 soli
1099 991 1360 1056 putorem,

421 1056 504 1110 Ne
543 1077 628 1110 me
666 1060 976 1127 puluereum
1016 1077 1341 1129 grauemque
1379 1079 1545 1114 caeno

423 1131 686 1199 Tyrrheni
725 1133 871 1184 sinus
913 1133 1096 1184 abluat-
1132 1133 1397 1202 profundi,

422 1203 607 1265 Qualis
649 1203 946 1273 Cinyphius
984 1206 1190 1258 iacente
1228 1207 1348 1275 ripa
1864 1224 1920 1264 90

418 1276 630 1330 Poenos
669 1276 919 1347 Bagrada
957 1279 1122 1347 serpit
1158 1280 1298 1332 inter
1335 1297 1509 1349 agree,

422 1349 526 1402 Sed
564 1351 690 1403 talis
729 1351 886 1420 ferar,
924 1354 986 1404 ut
1021 1353 1227 1405 nitente
1266 1371 1423 1406 cursu

420 1421 792 1492 Tranquillum
829 1443 974 1476 mare
1012 1426 1416 1495 proximumque
1454 1428 1656 1495 possim

419 1496 559 1549 Puro
601 1498 812 1566 gurgite
850 1516 1141 1566 prouocare
1180 1498 1382 1552 Lirim?

418 1569 567 1622 Haeo
607 1572 792 1639 amnis,
831 1572 1134 1640 pariterque
1174 1590 1229 1625 se
1269 1573 1487 1625 leuabat
1863 1589 1918 1628 95

419 1642 633 1712 Ingenti
670 1644 833 1713 plaga
869 1647 1198 1697 marmorata
1236 1646 1408 1699 dorso.

418 1715 593 1768 Huius
631 1717 798 1773 ianua
834 1735 1252 1787 prosperumque
1290 1719 1455 1772 limen

417 1789 605 1857 Arausa,
642 1790 886 1859 belligeri
924 1791 1071 1844 ducis
1109 1793 1343 1860 tropaeis

417 1861 491 1913 Et
529 1863 657 1915 totis
697 1862 954 1932 Ligurum
991 1864 1171 1916 nitens
1210 1865 1461 1933 metalli8‚

419 1934 662 1996 Quantus
701 1936 888 1988 nubila
927 1937 1018 2006 qui
1056 1940 1280 1989 coronat
1316 1938 1407 1992 Iri.
1833 1955 1917 1996 100

418 2008 535 2060 Illic
573 2008 806 2061 flectitur
843 2011 1046 2062 excitus
1085 2010 1277 2079 uiator,

417 2081 534 2133 Illic
571 2081 751 2150 Appia
790 2100 846 2134 se
885 2082 1030 2135 dolet
1065 2083 1306 2152 relinqui.

420 2154 569 2207 Tunc
608 2155 844 2208 uelocior
882 2156 1158 2225 acriorque
1196 2174 1394 2224 cursus,

420 2227 568 2280 Tunc
606 2228 753 2296 ipsos
791 2229 942 2281 iuuat
979 2230 1212 2298 impetus
1252 2231 1480 2300 iugales3

420 2298 531 2353 Ceu
569 2301 723 2354 fessis
762 2302 855 2354 ubi
892 2303 1155 2372 remigum
1193 2303 1407 2357 lacertis
1832 2321 1915 2361 105

271 2596 325 2636 81
359 2592 649 2647 seruitusque
672 2591 756 2635 A*:
789 2593 1083 2649 structusque
1101 2597 1129 2636 0
1151 2594 1168 2650 ΙΙ
1190 2597 1248 2638 84
1278 2593 1470 2639 Uinetor
1488 2595 1711 2641 Heinsius
1741 2596 1916 2643 Auctor

156 2652 444 2709 Peyraredus
476 2654 482 2706 1
515 2651 672 2694 malim
701 2650 845 2695 ferere
869 2652 884 2707 ΙΙ
914 2656 968 2696 87
1000 2653 1214 2709 putorem
1243 2655 1301 2696 A:
1333 2653 1555 2709 pudorem
1588 2659 1615 2696 c
1637 2657 1654 2711 ΙΙ
1685 2659 1740 2700 88
1772 2668 1916 2701 coeno

153 2725 180 2753 a
212 2724 263 2764 5:
304 2710 402 2754 celo
435 2714 463 2752 c
501 2711 517 2766 ΙΙ
555 2714 610 2754 89
641 2709 803 2753 abluat
839 2711 1025 2766 scripsi:
1064 2710 1226 2755 obluat
1255 2714 1293 2753 A
1331 2711 1497 2756 obruat
1527 2717 1555 2754 c
1591 2714 1608 2769 ΙΙ
1647 2718 1702 2758 90
1732 2713 1915 2759 iacente

156 2768 466 2826 Peyraredus:
497 2769 682 2812 tacente
714 2772 742 2809 c
773 2783 800 2810 a
829 2768 1005 2813 latente
1037 2768 1316 2814 Schraderus
1338 2770 1354 2826 ΙΙ
1377 2774 1432 2814 95
1463 2771 1644 2816 leuarat
1675 2777 1703 2815 c'
1726 2788 1766 2828 a,
1799 2785 1912 2818 corr.

155 2831 183 2871 ς
207 2830 222 2885 ΙΙ
246 2833 302 2874 98
333 2826 570 2884 belligeris
602 2831 630 2868 0
662 2841 710 2882 a,
749 2839 863 2871 corr.
904 2828 1140 2871 Amantius
1166 2830 1174 2881 1
1199 2829 1372 2884 tropeis
1403 2832 1460 2873 A:
1498 2830 1706 2887 tropheis
1737 2835 1766 2873 c
1788 2832 1804 2888 ΙΙ
1831 2837 1914 2877 100

151 2887 210 2930 iri
242 2890 270 2931 ς
282 2905 292 2931 :
323 2886 462 2931 imbri
493 2890 521 2927 c
553 2900 580 2928 a.
606 2886 612 2941 1
641 2898 733 2941 quo
765 2898 854 2929 cor.
887 2886 971 2930 Iris
1003 2887 1224 2931 Heinsius
