1994 3112
581 189 865 237 EDITORIS
895 188 1255 236 PRAEFATIO.
1756 205 1822 234 vu

53 314 178 368 lime
224 311 492 366 interd-um
548 328 580 363 a
627 309 886 364 Politiani
945 327 1109 362 manu
1160 308 1551 363 discernendas.
1627 326 1690 362 ex
1738 309 1823 363 his

39 386 228 441 causis
266 385 484 456 plenam
525 383 829 437 collationis
866 382 1011 436 illius
1049 382 1300 435 notitiam
1337 381 1669 451 reciperandi
1701 400 1824 452 spes

55 457 333 514 abicienda
378 459 514 527 erat,
555 456 647 510 sed
695 456 1019 510 attendenda
1069 455 1296 508 maxime
1334 454 1591 510 Politiani
1631 473 1824 508 manus

51 534 126 603 ut,
165 530 292 602 quid
324 532 468 585 certo
499 532 687 600 posset
718 530 766 583 ei
798 529 1045 598 adtribui,
1085 531 1370 582 constaret.
1431 528 1827 597 descripserunt

36 604 230 660 ,ιιιιίιθιιι
281 604 394 658 eius
443 605 601 657 notas
653 620 773 656 cum
825 606 986 656 antea
1035 602 1152 671 alii,
1208 603 1325 654 tum
1374 602 1431 654 in
1481 601 1552 654 M.
1601 600 1825 671 Hauptii

52 677 288 751 gratiam
317 676 382 731 A.
414 674 770 747 Kiesslingius
803 679 856 729 et
887 673 952 729 U.
976 643 1291 728 Koehlerus.
1343 693 1570 744 quorum
1603 675 1826 729 schedas

45 751 122 806 ab
161 749 402 820 Hauptio
443 751 690 819 acceptas
729 746 795 802 H.
835 747 1090 817 Nohlius‚
1131 747 1222 818 qui
1260 747 1324 800 de
1363 748 1440 800 eis
1480 748 1731 802 disseruit
1769 749 1826 802 in

50 823 426 879 dissertatione
463 822 769 892 inaugurali
817 820 1183 892 ‘quaestiones
1222 819 1529 874 Statianae'
1569 822 1827 891 inscripta

48 898 108 952 et
143 895 382 951 Berolini
421 913 466 950 a.
509 896 648 950 1871
692 895 904 964 emissa,
951 895 1080 950 olim
1125 894 1257 947 mihi
1305 893 1693 962 commodauit3
1739 894 1826 948 de-

52 970 279 1040 :criptas
319 987 364 1023 a.
407 968 548 1023 1872
586 967 790 1023 Romae
821 986 1043 1022 uersans
1081 968 1274 1021 iterum
1313 967 1400 1020 hic
1448 966 1560 1021 illic
1607 968 1827 1021 contuli.

46 1043 344 1114 1„ptandum
382 1045 565 1096 tamen
602 1044 664 1095 ut
700 1041 887 1095 doctus
928 1041 1118 1111 aliquis
1150 1039 1623 1094 Studemundianis
1658 1041 1827 1094 oculis

47 1115 323 1177 „meditus
371 1113 630 1169 Politiani
686 1118 844 1169 notas
894 1114 1068 1168 denuo
1119 1114 1399 1168 examinet.
1486 1114 1632 1167 ultro
1684 1115 1826 1167 enim

50 1189 189 1243 ¹nihi
237 1188 468 1258 suspicio
520 1188 715 1242 oborta
768 1191 873 1257 est,
928 1188 1028 1242 etsi
1082 1205 1229 1256 rare,
1275 1190 1458 1240 tamen
1506 1187 1826 1256 aliquotiens

51 1278 196 1317 unc
236 1261 450 1332 quidem
481 1277 579 1331 pro
617 1260 984 1332 Sangallensis
1015 1260 1334 1314 lectionibus
1366 1260 1679 1330 accipienda
1710 1278 1827 1315 esse

38 1344 189 1407 quae
228 1335 446 1389 alterius
486 1334 629 1388 illius
668 1335 770 1388 uiri
809 1335 953 1388 docti
993 1338 1131 1388 sunt.

19 1415 60 1480 ,ᾖ
199 1408 339 1463 Eam
400 1410 579 1462 autem
640 1407 938 1462 Politianus
996 1409 1053 1460 in
1117 1407 1431 1461 excutiendo
1487 1405 1827 1478 Sangallensi

20 1481 298 1536 'adhibuit
357 1480 694 1551 diligentiam
755 1484 816 1534 ut
881 1483 1125 1534 accurate
1186 1498 1282 1549 pro
1336 1480 1442 1532 illis
1495 1481 1826 1550 temporibus

30 1548 300 1623 enotaret
338 1554 631 1623 scripturae
670 1553 1096 1623 discrepantiam.
1168 1558 1220 1607 et
1258 1554 1572 1623 plerumque
1612 1554 1827 1623 quidem

49 1627 232 1682 arias
269 1628 523 1681 lectiones
571 1628 658 1680 uel
705 1628 846 1680 inter
883 1628 1050 1680 lineas
1089 1628 1175 1680 uel
1213 1627 1270 1679 in
1302 1628 1544 1696 margine
1576 1627 1826 1682 editionis

37 1698 206 1754 'nulla
251 1699 433 1753 addita
485 1700 623 1770 sigla
673 1701 975 1768 adscripsit,
1028 1700 1186 1768 idque
1233 1699 1308 1751 ibi
1354 1699 1694 1768 potissimum
1733 1701 1826 1754 ubi

86 1773 172 1828 ola
208 1773 342 1827 uitia
377 1772 767 1843 typographica
804 1774 890 1826 uel
934 1773 1150 1826 leuioris
1190 1773 1448 1826 momenti
1487 1773 1826 1828 diuersitates

54 1845 292 1900 derant.
383 1862 772 1916 quamcumque
838 1848 1018 1899 autem
1079 1846 1364 1900 lectionem
1439 1846 1507 1899 ob
1588 1847 1824 1917 aliquam

68 1936 272 1974 usam
309 1918 710 1973 memorabilem
756 1919 987 1988 putauit,
1035 1920 1083 1973 ei
1131 1923 1316 1973 notam
1363 1919 1566 1973 addidit
1612 1921 1725 1973 siue
1772 1939 1826 1974 co

64 2001 154 2062 '³¹9
206 1992 319 2046 siue
370 2000 395 2046 Ξ
441 1991 501 2046 liv
555 2009 660 2062 ρος
705 1993 817 2046 siue
855 1994 1021 2061 antiq⁰
1067 1994 1159 2047 cod
1207 1993 1319 2045 siue
1370 1993 1530 2046 aliam
1583 1994 1825 2047 similem.

72 2082 235 2136 ·que
285 2067 348 2119 ut
405 2064 634 2118 dilucide
690 2069 946 2135 appareat
1003 2066 1129 2136 quid
1186 2066 1375 2135 tacite,
1437 2066 1563 2136 quid
1614 2067 1826 2121 disertis

73 2138 232 2192 rbis
273 2156 301 2192 e
326 2136 665 2208 Sangallensi
704 2142 981 2193 enotatum
1021 2140 1105 2209 sit,
1141 2137 1192 2192 A
1230 2140 1338 2209 illa,
1375 2139 1506 2193 haec
1536 2138 1621 2193 A*
1661 2141 1824 2211 signi-

73 2212 226 2266 caui.
314 2214 590 2281 praeterea
638 2211 936 2266 Politianus
988 2212 1236 2266 editionis
1287 2231 1496 2282 quoque
1548 2212 1826 2267 Romanae

0 2327 23 2347 A,
65 2348 72 2350 p
137 2283 280 2338 1475
319 2302 351 2336 a
382 2284 622 2338 Domitio
655 2283 938 2340 Oalderino
978 2290 1192 2339 curatae
1230 2286 1374 2339 haud
1412 2304 1535 2339 raro
1575 2288 1826 2357 excripsit

0 2353 25 2417 .ss
95 2358 374 2412 arietatem
410 2358 719 2427 praeposita
755 2362 887 2412 nota
915 2359 1026 2423 D0;
1067 2378 1190 2413 suas
1222 2360 1383 2412 etiam
1423 2360 1825 2414 emendationes

0 2427 26 2484 ιῗ
78 2430 324 2484 tardum
375 2430 659 2484 admiscuit
708 2431 956 2516 adposita
1013 2433 1150 2503 sigla
1203 2441 1259 2486 θ’.
1336 2433 1427 2486 sed
1480 2435 1824 2504 quantumuis

0 2548 25 2557 ,
73 2503 342 2574 .··1igenter
396 2504 456 2557 in
510 2505 821 2558 uniuersum
877 2506 935 2558 in
986 2504 1324 2576 Sangallensi
1384 2507 1706 2560 conferendo
1757 2509 1826 2560 sit

0 2597 10 2631 z·
63 2574 304 2630 'ereatus
341 2574 442 2647 (ita
471 2580 533 2630 ut
561 2595 657 2631 nec
689 2579 943 2631 minutias
975 2579 1419 2649 orthographicas
1451 2580 1612 2648 plane
1645 2599 1825 2649 asper-

0 2643 9 2698 ;'
78 2648 316 2721 aretur),
353 2651 581 2704 multum
618 2654 801 2704 tamen
840 2652 992 2705 abest
1022 2655 1083 2705 ut
1121 2671 1184 2705 ea
1223 2671 1384 2723 quam
1422 2671 1565 2705 nunc
1604 2654 1824 2723 requiri-

0 2717 31 2776 ἰ
78 2741 178 2776 ·us
228 2724 564 2777 accuratione
613 2724 668 2778 id
718 2725 925 2778 fecerit:
985 2726 1279 2795 aequabilis
1329 2726 1423 2779 illa
1474 2727 1825 2796 omnibusque

0 2798 35 2852 ³!
94 2799 269 2850 tenta
299 2814 426 2850 cura
455 2797 794 2851 desideratur.
831 2817 960 2851 nam
990 2802 1052 2852 ut
1079 2800 1339 2853 nonnulla
1370 2800 1437 2852 ab
1469 2817 1532 2853 eo
1557 2800 1825 2869 adscripta

3 2887 54 2920 w
90 2887 167 2922 m
212 2869 321 2940 legi
368 2874 658 2939 nequeant:
705 2872 904 2924 multae
956 2872 1203 2926 editionis
1249 2873 1506 2942 principis
1551 2874 1823 2943 lectiones,
