2014 3164
156 196 227 248 74
764 195 815 239 P.
847 195 1073 239 PAPINII
1104 195 1303 239 STATII

151 315 483 384 Depositum.
545 314 755 366 iuuenis
795 314 956 366 dubio
997 314 1351 366 committitur
1388 315 1498 366 alto

151 389 347 441 Metius
389 391 547 456 atque
588 387 798 438 animae
836 390 1043 454 partem
1082 405 1240 454 super
1279 404 1511 455 aequora
1548 392 1762 441 nostrae

150 462 411 515 Maiorem
449 460 739 512 transferre
777 463 948 528 parat.
1010 461 1247 527 proferte
1285 460 1519 529 benigna

151 534 336 588 Sidera
373 537 426 586 et
465 537 747 585 antemnae
786 534 1000 602 gemino
1041 533 1300 585 considite
1340 550 1530 602 cornu,

153 608 362 661 Oebalii
400 607 614 674 fratres3
652 606 809 658 uobis
848 609 1148 674 pontusque
1187 607 1448 674 polusque
1866 620 1916 659 10

150 681 370 747 Luceat3
410 679 604 732 Iliacae
642 680 801 748 longe
840 680 1088 731 nimbosa
1126 679 1324 732 sororis

150 754 316 806 Astra
353 754 554 822 fugate,
592 771 796 820 precor7
833 755 1053 820 totoque
1094 752 1354 804 excludite
1395 753 1558 805 caelo.

150 827 264 880 Uos
307 843 516 895 quoque
557 826 859 877 caeruleum
899 826 1068 893 ponti,
1106 824 1376 892 NereideS,
1416 843 1626 894 agmen7

151 900 282 962 Quis
320 900 494 952 honor
536 902 590 950 et
626 899 780 967 regni
820 899 981 950 cessit
1016 899 1238 950 fortuna
1277 899 1494 950 secundi

151 974 362 1042 (Dicere
402 990 536 1041 quae
575 972 759 1040 magni
800 972 882 1023 fas
924 972 995 1023 sit
1031 971 1164 1023 mihi
1204 971 1379 1023 sidera
1416 969 1610 1041 ponti),
1869 987 1919 1025 15

152 1046 368 1116 Surgite
409 1046 471 1097 de
511 1045 697 1096 uitreis
738 1062 1022 1112 spumosae
1062 1044 1293 1097 Doridos
1336 1045 1506 1096 antris

149 1120 486 1188 Baianosque
526 1119 675 1170 sinus
715 1121 769 1169 et
806 1118 918 1169 feta
953 1118 1262 1184 tepentibus
1300 1117 1458 1169 undis

150 1193 336 1246 Litora
373 1191 663 1259 tranquillo
704 1191 947 1242 certatim
989 1191 1191 1242 ambite
1227 1193 1435 1258 natatU,

151 1267 480 1329 Quaerentes
518 1264 611 1315 ubi
651 1264 792 1315 celsa
829 1263 975 1328 ratis,
1014 1281 1173 1331 quam
1213 1263 1465 1315 scandere
1504 1264 1702 1333 gaudet

149 1339 365 1392 Nobilis
404 1337 676 1389 Ausoniae
716 1334 868 1388 Celer
907 1337 1277 1404 armipotentis
1317 1337 1580 1389 alumnus.
1866 1351 1922 1391 20

150 1412 264 1465 Nec
302 1410 606 1480 quaerenda
644 1410 759 1475 ᾶ111;
801 1409 960 1461 modo
999 1428 1128 1461 nam
1165 1413 1318 1462 trans
1357 1428 1589 1478 aequora
1625 1411 1782 1463 terris

151 1486 333 1538 Prima
370 1483 683 1537 Dicarcheis
723 1482 980 1534 Pharium
1021 1483 1203 1551 grauis
1241 1474 1427 1534 intulit
1465 1501 1679 1535 annum.

150 1560 333 1612 Prima
371 1557 628 1610 salutauit
667 1554 897 1623 Capreas
940 1558 994 1608 et
1031 1557 1276 1624 margine
1316 1556 1500 1608 dextro

152 1632 360 1701 Sparsit
397 1630 705 1698 Tyrrhenae
743 1629 1035 1681 Mareotica
1072 1630 1198 1681 uina
1235 1629 1522 1682 Mineruae.

150 1706 324 1759 Huius
364 1706 647 1771 utrumque
685 1703 827 1754 latus
867 1703 1018 1755 molli
1056 1703 1388 1771 praecingite
1429 1720 1577 1771 gyro,
1868 1717 1922 1755 25

154 1779 495 1845 Partitaeque
535 1777 679 1828 uices
719 1794 817 1828 uos
857 1779 1085 1843 stuppea
1122 1776 1323 1828 tendite
1362 1777 1490 1827 mali

151 1852 396 1914 Uincula,
433 1867 532 1902 uos
574 1849 795 1900 summis
834 1848 1098 1900 adnectite
1137 1849 1318 1916 sipara
1353 1849 1505 1914 uelis,

154 1925 266 1978 Uos
306 1923 564 1992 Zephyris
606 1922 808 1990 aperite
849 1923 1017 1988 sinus3
1055 1940 1181 1989 pars
1219 1925 1460 1974 transtra
1498 1925 1740 1991 reponat,

153 1999 288 2051 Pars
328 1997 577 2049 demittat
615 1996 768 2063 aquis
809 2012 1000 2047 curuae
1038 1995 1405 2047 moderamina
1436 1996 1659 2063 puppis3

155 2071 275 2125 Sint
314 2071 507 2140 quibus
549 2069 788 2136 exploret
823 2086 983 2135 rupes
1024 2069 1204 2137 grauis
1245 2072 1369 2120 ante
1407 2035 1716 2137 molybdiis,
1866 2083 1922 2122 30

156 2146 409 2212 Quaeque
449 2145 751 2195 secuturam
788 2141 1019 2209 religent
1055 2145 1181 2209 post
1218 2145 1371 2211 terga
1407 2142 1667 2209 phaselon

153 2218 412 2286 Uncaque
452 2233 775 2275 summersae
814 2217 1026 2283 penitus
1065 2215 1362 2267 retinacula
1400 2216 1622 2281 uellant3

154 2292 437 2358 Temperet
472 2289 606 2340 haec
646 2291 824 2340 aestus
862 2288 1190 2357 pelagusque
1231 2289 1455 2340 inclinet
1494 2288 1562 2340 ad
1601 2291 1774 2340 ortus:

156 2364 348 2417 Officio
388 2365 568 2415 careat
607 2363 917 2430 glaucarum
954 2361 1104 2413 nulla
1143 2380 1401 2414 sororum.

154 2437 296 2490 Hinc
334 2437 503 2488 multo
541 2434 768 2486 Proteus
807 2435 1126 2503 geminoque
1164 2434 1291 2488 hinc
1329 2452 1548 2503 corpore
1587 2433 1776 2486 Triton
1867 2447 1922 2487 35

274 2660 299 2698 6
339 2652 507 2697 dubiae
540 2678 594 2684 —
627 2652 734 2695 alno
770 2652 942 2695 Markl.
981 2653 997 2707 ΙΙ
1037 2657 1090 2696 12
1121 2653 1227 2706 fort.
1259 2653 1454 2706 tutoque
1492 2652 1508 2707 ΙΙ
1549 2656 1601 2695 13
1642 2651 1774 2707 ponti
1814 2656 1843 2693 c
1875 2666 1921 2694 a:

153 2713 290 2756 diuae
331 2716 359 2756 ς
399 2713 414 2767 ΙΙ
454 2715 508 2754 15
549 2724 663 2765 quas
702 2710 925 2754 Heinsius
961 2713 976 2767 ΙΙ
1018 2716 1070 2754 19
1111 2724 1251 2765 quam
1281 2710 1526 2753 Heinsius:
1565 2725 1657 2765 qua
1697 2715 1724 2751 G
1756 2725 1783 2752 a
1813 2711 1828 2765 ΙΙ
1867 2715 1922 2754 30

155 2773 365 2828 exploret
404 2784 540 2826 rupes
570 2770 728 2813 Doms
767 2769 1008 2824 explorent
1046 2770 1218 2837 primos
1257 2773 1286 2810 c
1325 2769 1567 2836 explorent
1606 2784 1632 2810 a
1671 2782 1833 2824 pumos
1871 2773 1920 2819 A,

157 2835 206 2873 ut
244 2831 356 2878 uid.
395 2829 516 2872 unde
553 2828 764 2884 scopulos
805 2841 905 2870 cum
938 2832 966 2871 ς
999 2829 1197 2871 conicias
1239 2831 1244 2879 Ι
1288 2829 1396 2871 ante
1433 2828 1622 2883 scripsi:
1661 2829 1760 2871 aite
1794 2831 1821 2868 c
1853 2842 1880 2869 a
1915 2827 1920 2886 1

154 2864 386 2945 molybdis
418 2887 697 2931 Salmasius:
728 2886 958 2929 molorcus
990 2890 1027 2928 A
1057 2887 1378 2931 molorchosc
