2014 3164
646 183 956 231 SILUARUM
987 183 1038 228 L.
1071 182 1149 239 IV,
1180 188 1221 229 2.
1754 181 1825 233 99

18 316 34 354 κ’
65 307 378 377 Alcinoique
416 305 580 376 dapes
619 321 871 358 mansuro
911 302 1147 357 carmine
1184 302 1454 355 monstrat

51 381 312 452 ‘Aequore
349 379 442 451 qui
479 378 649 432 multo
685 377 933 431 reducem
971 375 1305 444 consumpsit
1341 372 1577 428 Ulixem:

41 454 169 531 JAst
205 470 321 525 ego,
359 452 445 508 cui
484 469 664 506 sacrae
711 449 908 504 Caesar
951 466 1097 502 noua
1138 447 1336 518 gaudia
1374 465 1533 500 cenae
1802 461 1829 500 5

23 526 220 589 'Nunc
257 526 490 597 primum
529 524 848 594 dominaque
887 522 1036 576 dedit
1072 521 1421 576 concumbere
1459 539 1659 590 mensa,

66 601 184 666 Qua
221 596 483 655 celebrem
520 616 641 653 mea
677 600 808 651 uota
843 597 978 667 lyra,
1017 613 1151 666 quas
1190 595 1396 648 soluere
1436 598 1614 664 grates

17 670 376 730 2-Sufficiam?
413 690 540 743 non,
579 672 625 726 si
662 671 864 741 pariter
901 669 1034 723 mihi
1072 668 1272 721 uertice
1301 667 1445 721 laeto

17 798 22 818 ἦ,
49 746 118 802 N
121 750 263 802 ectat
300 746 549 818 adoratas
589 747 643 798 et
680 743 907 813 Smyrna
946 746 999 795 et
1035 741 1260 795 Mantua
1296 741 1493 809 lauroe,

18 823 22 890 Ἰ
42 823 51 866 ἶ
67 821 248 892 Digna
283 820 486 891 loquar.
562 818 752 871 mediis
791 817 978 870 uideor
1017 814 1347 869 discumbere
1385 814 1440 867 in
1479 814 1637 867 astris
1777 826 1832 867 10

39 906 47 947 ἰ
68 893 203 948 Cum
239 892 370 948 Ioue
408 894 462 947 et
498 891 665 945 Iliaca
701 892 1007 960 porrectum
1046 905 1252 942 sumere
1291 887 1478 940 dextra

15 967 359 1042 :cffInmortale
397 966 624 1020 merum!
665 965 872 1018 steriles
910 962 1309 1016 transmisimus
1349 978 1544 1013 annos:

66 1039 215 1095 Haec
254 1039 374 1094 aeui
410 1039 546 1093 mihi
583 1038 758 1108 prima
796 1037 923 1106 dies,
959 1036 1094 1090 haec
1131 1035 1321 1088 limina
1358 1034 1518 1087 uitae.

20 1109 214 1168 Tene
253 1129 368 1184 eg0‚
405 1114 661 1183 regnator
698 1114 962 1165 terrarum
994 1109 1245 1178 orbisque
1271 1107 1480 1161 subacti

68 1186 514 1271 Magne-parens,
550 1187 622 1254 te,
660 1202 781 1254 spes
819 1184 1113 1251 hominum,
1150 1185 1219 1250 te,
1258 1199 1385 1235 cura
1422 1181 1665 1248 deorum,
1780 1191 1835 1232 15

23 1255 30 1307 ἶ
70 1259 241 1316 Cerno
279 1258 497 1315 lacens‘?
533 1258 692 1312 datur
727 1258 862 1311 haec
899 1258 1063 1324 iuxta,
1101 1255 1259 1308 datur
1298 1273 1393 1308 ora
1430 1254 1569 1306 tueri

28 1383 30 1387 ,
69 1333 215 1390 Uina
252 1333 396 1388 inter
431 1349 762 1401 mensasque,
803 1334 857 1384 et
892 1348 1004 1384 non
1043 1345 1323 1398 assurgere
1361 1328 1444 1380 fas
1485 1326 1603 1381 est?

47 1399 290 1462 Tectum
329 1408 631 1477 augustum,
667 1405 873 1475 ingens,
911 1421 1023 1456 non
1060 1405 1273 1456 centum
1311 1401 1521 1470 insigne
1560 1400 1837 1464 columnis,

72 1478 176 1535 Sed
213 1482 443 1550 quantae
483 1497 704 1549 superos
743 1479 1052 1546 caelumque
1091 1475 1317 1529 Atlante
1355 1474 1578 1527 remisso

73 1552 383 1608 Sustentare
421 1555 634 1623 queant.
709 1554 890 1620 stupet
926 1551 1030 1604 hoc
1069 1550 1247 1602 uicina
1283 1548 1545 1602 Tonantis
1780 1559 1837 1599 20

46 1627 259 1712 Regia,
296 1629 453 1697 teque
491 1626 610 1696 pari
646 1625 919 1678 laetantur
957 1622 1078 1677 sede
1116 1623 1352 1676 locatum

71 1699 322 1770 Numina,
359 1717 427 1754 ne
465 1716 723 1769 magnum
760 1715 1012 1767 properes
1051 1695 1336 1749 escendere
1374 1695 1600 1747 caelum:

0 1768 1 1775 ¹
47 1773 245 1827 Tanta
280 1774 432 1843 patet
468 1773 639 1826 moles
679 1771 977 1840 effusaeque
1015 1771 1247 1838 impetus
1287 1768 1439 1821 aulae

71 1845 318 1901 Liberior
354 1863 544 1916 campo
581 1845 914 1914 multumque
954 1843 1229 1911 amplexus
1269 1841 1443 1911 aperti

73 1920 338 1974 Aetheros
377 1922 432 1973 et
467 1921 681 1973 tantum
718 1918 935 1972 domino
974 1917 1174 1981 minor3
1212 1915 1302 1968 ille
1340 1916 1561 1984 penates
1780 1926 1838 1967 25

57 1993 272 2063 -Implet
309 1994 364 2046 et
399 1993 607 2064 ingenti
645 1992 803 2062 genio
842 1992 1006 2044 iuuat.
1082 1989 1321 2042 aemulus
1361 1988 1471 2040 illic

73 2066 232 2122 Mons
269 2065 437 2136 Libys
476 2065 776 2134 Iliacusque
814 2066 967 2132 nitet,
1003 2064 1086 2117 hic
1123 2063 1294 2115 multa
1332 2060 1507 2130 Syene

24 2179 26 2181 >
73 2140 149 2195 Et
185 2138 350 2195 Chios
388 2141 443 2192 et
480 2139 701 2209 glaucae
738 2138 996 2192 certantia
1034 2136 1224 2190 Doridi
1263 2153 1393 2188 saxa

17 2228 50 2290 'J'
75 2213 331 2283 Lunaque
368 2211 646 2283 portandis
683 2214 898 2264 tantum
937 2211 1159 2264 suffecta
1197 2208 1475 2262 columnis.

0 2350 1 2357 ἵ
49 2286 265 2357 Longa
303 2304 464 2356 supra
501 2285 727 2355 species:
765 2285 925 2338 fessis
962 2284 1053 2337 uix
1092 2282 1327 2338 culmina
1363 2280 1594 2350 prendas
1786 2293 1843 2334 30

195 2523 225 2563 4
261 2517 409 2563 multo
447 2521 496 2561 0:
535 2517 664 2562 lento
702 2531 730 2560 a
758 2518 775 2574 ΙΙ
805 2522 832 2561 6
871 2515 1175 2560 concumbere
1212 2515 1400 2570 scripsi:
1439 2526 1716 2570 consurgere
1758 2518 1787 2555 0
1817 2529 1846 2556 a

0 2608 3 2643 2
56 2591 171 2642 ¹non
200 2589 395 2645 ‘surgere
432 2576 506 2620 uel
543 2575 782 2621 considere
824 2575 996 2619 Markl.
1027 2575 1044 2631 ΙΙ
1075 2578 1101 2618 9
1133 2573 1348 2618 adoratas
1380 2576 1431 2617 ςε
1465 2572 1681 2617 odoratas
1714 2576 1742 2614 0
1761 2587 1802 2639 ἐι.
1830 2572 1846 2630 ΕΙ

78 2635 781 2763 {2031421211201112534035521103
817 2637 1127 2748 mm
1167 2630 1528 2748 siem?
1560 2631 1843 2746 ww

21 2783 23 2787 <
77 2755 227 2811 operti
255 2756 294 2796 A
323 2757 353 2796 0
382 2753 477 2810 1127
507 2753 628 2796 nitet
660 2787 670 2797 .
704 2786 715 2796 .
747 2785 758 2795 .
790 2751 940 2795 multa
970 2749 1033 2793 A*
1063 2755 1092 2792 0
1123 2763 1222 2794 cum
1251 2750 1382 2806 siquo
1413 2750 1629 2801 lacunae;
1668 2748 1746 2792 hic
1775 2749 1845 2791 in·

18 2816 47 2850 ⁴w
77 2813 212 2858 serui.
242 2811 340 2858 iam
371 2814 401 2856 ς
433 2811 613 2856 addunt
643 2811 691 2856 et
719 2810 851 2856 Dom.
891 2811 907 2867 ΙΙ
945 2814 1000 2854 28
1033 2808 1161 2854 chios
1194 2812 1224 2853 ς
1255 2823 1303 2852 a:
1347 2808 1461 2853 duos
1494 2812 1523 2849 0
1565 2809 1571 2861 Ι
1612 2806 1777 2866 glauce(¹
1808 2810 1847 2849 Δ

20 2902 21 2907 ,
77 2870 242 2929 glauce
273 2874 323 2915 0:
354 2869 523 2928 glauca
551 2870 682 2916 Dom.
712 2870 719 2926 1
746 2868 909 2914 Doridi
942 2869 1227 2912 Politianus:
1265 2866 1437 2911 Doride
1467 2869 1505 2908 A
1537 2871 1565 2908 0

1432 2938 1492 2982 7*
