2014 3164
199 229 306 281 154
799 228 850 272 P.
881 228 1111 274 PAPINII
1141 228 1342 274 STATII

1039 375 1106 430 V.

606 475 932 521 EPICEDION
971 440 1038 520 m
1077 475 1329 521 PUERUM
1367 475 1547 522 suun.

194 565 283 619 Me
323 567 597 619 miserum!
637 585 810 635 neque
850 566 991 618 enim
1029 566 1208 618 uerbis
1250 566 1599 620 sollemnibus
1637 569 1748 621 ulla

195 640 456 708 Incipiam
495 657 638 692 nunc
679 637 947 692 Castaliae
985 639 1260 692 uocalibus
1300 638 1459 692 undis

194 711 411 764 Inuisus
451 712 772 781 Phoeboque
811 713 1007 782 grauis.
1061 730 1198 782 quae
1235 715 1432 780 uestra,
1472 730 1694 780 sororeS‚

195 785 375 855 Orgia,
413 784 634 855 Pieriae,
674 804 807 855 quas
846 786 1228 838 incestauimus
1270 786 1429 838 aras?

195 857 386 927 Dicite,
425 862 551 926 post
588 877 817 927 poenam
855 859 1014 911 liceat
1052 859 1338 912 commissa
1375 859 1547 912 fateri.
1933 875 1959 915 5

195 930 470 1001 Numquid
507 932 779 985 inaccesso
818 932 975 1000 posui
1012 932 1244 1001 uestigia
1280 932 1438 985 luco?

193 1003 340 1057 Num
379 1005 547 1058 uetito
580 1005 642 1058 de
680 1005 829 1059 fonte
867 1005 1018 1057 bibi?
1057 1023 1192 1073 quae
1232 1006 1403 1074 culpa,
1435 1006 1553 1074 quis
1593 1023 1753 1074 error,

195 1078 364 1140 Quem
402 1079 614 1148 luimus,
651 1077 872 1131 tantus?
933 1077 1284 1131 morientibus
1325 1095 1442 1131 ecce
1480 1077 1695 1132 lacertis

191 1149 422 1204 Uiscera
460 1155 647 1204 nostra
685 1154 872 1203 tenens
913 1151 1251 1219 animamque
1291 1151 1543 1204 auellitur
1580 1152 1775 1221 infans,

194 1223 322 1277 Non
355 1225 417 1276 de
458 1225 624 1294 stirpe
662 1227 876 1292 patrum
915 1241 1014 1276 nec
1053 1223 1143 1293 qui
1181 1241 1301 1277 mea
1338 1226 1560 1278 nomina
1590 1225 1753 1280 ferret
1906 1242 1959 1282 10

191 1297 428 1366 Oraque,
469 1316 580 1350 non
616 1298 824 1350 fueram
863 1297 1090 1367 genitor,
1130 1297 1224 1350 sed
1261 1298 1460 1350 cernite
1497 1298 1654 1352 fletus

197 1369 552 1440 Liuentesque
591 1388 757 1440 genas
798 1374 852 1423 et
890 1370 1087 1424 credite
1126 1371 1456 1439 planctibus:
1498 1373 1673 1441 orbus,

196 1442 372 1497 Orbus
412 1461 528 1514 ego.
604 1445 708 1498 huc
746 1447 926 1513 patres
968 1446 1022 1496 et
1059 1446 1247 1512 aperto
1285 1448 1501 1512 pectore
1540 1449 1738 1499 matres

197 1515 561 1587 Conueniant3
602 1519 801 1571 crinem
840 1518 1043 1586 capulis
1084 1520 1139 1570 et
1176 1518 1425 1571 cinnama
1462 1518 1622 1588 ferto,

199 1589 256 1643 Si
296 1609 400 1660 qua
439 1592 538 1644 sub
578 1592 829 1644 uberibus
868 1592 1040 1659 plenis
1081 1591 1147 1643 ad
1186 1590 1376 1644 funera
1413 1595 1572 1645 natos
1908 1608 1960 1647 15

196 1662 322 1732 Ipsa
360 1664 529 1734 gradu
567 1666 784 1718 labente
821 1664 950 1717 tulit
987 1663 1362 1734 madidumque
1401 1665 1588 1718 cecidit

197 1736 388 1790 Pectus
430 1741 483 1790 et
521 1738 766 1791 ardentes
806 1738 1056 1791 restinxit
1093 1738 1233 1790 lacte
1270 1737 1509 1807 fauillas3

198 1810 452 1880 Quisquis
492 1811 664 1864 adhuc
700 1815 916 1864 tenerae
957 1811 1230 1880 signatum
1267 1811 1396 1864 flore
1434 1813 1685 1865 iuuentae

196 1883 471 1936 Immersit
507 1885 672 1937 cineri
710 1885 957 1937 iuuenem
994 1885 1270 1952 primaque
1306 1885 1532 1938 iacentis

198 1954 419 2026 Serpere
459 1957 685 2010 crudelis
724 1958 860 2010 uidit
895 1957 1151 2026 lanugine
1190 1957 1448 2025 flammas,
1906 1974 1961 2014 20

197 2030 357 2083 Adsit
394 2033 448 2083 et
487 2032 692 2084 alterno
733 2049 942 2084 mecum
980 2031 1210 2083 clamore
1249 2030 1488 2084 fatiscat:

195 2102 458 2157 Uincetur
494 2105 744 2172 lacrimis,
783 2107 838 2156 et
874 2107 942 2172 tc,
981 2103 1202 2171 Natura,
1239 2103 1478 2172 pudebit.

196 2176 374 2229 Tanta
412 2177 544 2230 mihi
580 2178 781 2247 feritaS,
819 2181 973 2231 tanta
1012 2180 1093 2230 est
1130 2177 1343 2230 insania
1380 2178 1569 2231 luctus,

314 2438 370 2484 V.
427 2445 448 2482 1
483 2439 599 2496 ulla]
631 2439 754 2482 ultra
782 2438 884 2482 Bao
886 2437 1031 2492 thius
1061 2438 1170 2482 ullis
1204 2437 1395 2495 Pcyrar.
1419 2439 1435 2495 ΙΙ
1459 2443 1484 2482 2
1524 2452 1646 2482 nunc
1677 2438 1960 2484 Scriuerius:

195 2511 282 2542 nec
313 2501 342 2539 c
374 2512 401 2540 a.
423 2499 438 2554 ΙΙ
462 2501 488 2540 8
518 2498 675 2542 tantus
709 2497 992 2541 Politianus:
1023 2496 1166 2541 tantis
1197 2500 1226 2539 0
1249 2511 1277 2540 a
1303 2495 1310 2554 Ι
1337 2496 1520 2541 lacertis
1553 2501 1581 2541 ς
1606 2512 1653 2540 a:
1685 2496 1876 2542 lacescit
1897 2498 1961 2542 A*

197 2556 384 2601 laccstis
414 2557 488 2600 uel
515 2555 716 2611 latescis‚
746 2556 843 2600 sim.
878 2557 994 2612 0119
1027 2555 1298 2611 animaque
1291 2559 1333 2598 c
1365 2571 1406 2610 a,
1436 2568 1551 2600 corr.
1582 2556 1648 2600 ed.
1684 2555 1839 2600 Parm.
1865 2558 1881 2614 ΙΙ
1906 2562 1960 2602 10

195 2617 385 2672 patrum
414 2614 601 2671 scripsi.-
638 2613 824 2670 quidem
865 2619 892 2656 c
926 2630 952 2657 a
996 2615 1011 2671 ΙΙ
1058 2619 1112 2658 12
1153 2615 1291 2659 orbus
1306 2614 1507 2681 scripsi:
1544 2614 1646 2658 orbi
1676 2618 1704 2656 c
1737 2629 1765 2657 a
1795 2615 1960 2661 orbum

197 2674 420 2718 Heinsius
449 2673 733 2730 planctibus,
774 2673 894 2718 orbi:
930 2673 1102 2717 Markl.
1127 2674 1143 2730 ΙΙ
1167 2677 1223 2717 14
1254 2670 1428 2717 crinem
1459 2671 1636 2729 capulis
1669 2675 1717 2717 et
1748 2674 1962 2720 cinnama

195 2733 383 2789 scripsi:
414 2731 708 2787 cineremque
741 2732 885 2776 oculis
918 2733 966 2775 et
996 2731 1188 2775 crimina
1209 2735 1247 2774 A
1271 2735 1300 2773 G
1332 2731 1593 2786 crinemque
1624 2731 1748 2788 rogis
1781 2734 1828 2776 et
1856 2746 1959 2789 gra·

197 2791 324 2835 mina
354 2791 578 2835 Heinsius
617 2790 855 2847 crinesque
895 2790 1019 2847 rogis
1062 2792 1110 2834 et
1147 2803 1340 2834 munera
1375 2790 1548 2834 Markl.
1577 2794 1583 2842 1
1610 2789 1731 2835 ferto
1765 2791 1959 2837 Politia-

196 2863 306 2894 nus:
337 2849 455 2894 ferte
488 2854 516 2891 c
549 2864 575 2892 a
597 2850 613 2906 ΙΙ
639 2854 690 2893 17
723 2849 960 2893 restrinxit
988 2849 1019 2892 1.
1050 2849 1250 2906 papillas
1283 2853 1311 2890 c
1343 2863 1391 2905 a,
1422 2861 1535 2893 corr.
1570 2852 1598 2892 ς
1622 2850 1638 2906 ΙΙ
1661 2853 1717 2893 20
1749 2849 1959 2895 flammas

197 2909 354 2954 Dom:
384 2908 532 2952 malas
566 2912 594 2949 c
627 2923 654 2950 a
