2014 3164
553 690 628 761 P.
665 689 1034 759 PAPINII
1071 688 1378 758 STATII

375 830 1542 918 SILUARUM

727 989 1198 1046 LIBERI.

525 1222 780 1271 STATIUS
813 1222 1084 1269 STELLAE
1117 1223 1231 1269 SUO
1263 1223 1388 1269 SAL.

75 1299 191 1372 'Diu
243 1316 576 1386 multumque
631 1314 889 1383 dubitaui,
944 1313 1111 1368 Stella
1163 1314 1373 1366 iuuenis
1431 1314 1630 1382 optime
1684 1316 1739 1367 et
1789 1306 1891 1366 in⁵

78 1386 276 1446 ¹studiis
313 1389 529 1458 nostris,
567 1405 672 1458 qua
709 1391 860 1456 parte
901 1388 1127 1456 coluisti,
1166 1386 1601 1455 eminentissime,
1641 1405 1709 1440 an
1746 1387 1847 1441 hos

65 1463 308 1534 «libellos,
346 1463 437 1533 qui
475 1461 607 1515 mihi
646 1461 823 1515 subito
864 1461 1037 1514 calore
1077 1464 1131 1514 et
1161 1460 1391 1530 quadam
1431 1460 1719 1513 festinandi
1755 1478 1847 1514 uo-

84 1537 291 1608 luptate
330 1536 616 1604 fluxerunt,
670 1552 790 1587 cum
839 1535 1034 1604 singuli
1082 1533 1145 1587 de
1204 1533 1323 1586 sinu
1372 1551 1490 1587 meo
1538 1534 1850 1603 prodierint,

87 1612 441 1682 congregatos
479 1609 594 1678 ipse
633 1608 969 1661 dimitterem.
1031 1607 1155 1677 quid
1195 1608 1337 1660 enim
1368 1611 1561 1675 oportet
1588 1625 1668 1661 me
1696 1607 1849 1661 huius

59 1719 66 1731 -.
87 1701 296 1754 quoque
335 1682 652 1736 auctoritate
691 1681 939 1734 editionis
979 1681 1203 1749 onerari,
1241 1680 1332 1749 qui
1372 1681 1543 1733 adhuc
1583 1699 1680 1749 pro
1713 1675 1923 1733 The-¹⁰

66 1749 240 1811 ⁷·baide
277 1773 412 1824 mea,
452 1754 695 1824 quamuis
733 1771 818 1807 me
854 1754 1141 1823 reliquerit,
1177 1753 1380 1806 timeo?
1420 1754 1511 1806 sed
1536 1758 1590 1807 et
1611 1753 1848 1807 Culicem

85 1829 313 1900 legimus
352 1831 406 1882 et
442 1826 1104 1897 Batrachomyomachiam
1144 1828 1306 1880 etiam
1345 1828 1711 1897 agnoscimus3
1751 1846 1849 1881 nec

72 1903 369 1973 (quisquam
407 1904 490 1955 est
525 1900 815 1955 illustrium
854 1904 1132 1970 poetarum
1173 1902 1265 1970 qui
1302 1918 1412 1954 non
1440 1901 1640 1970 aliquid
1680 1903 1848 1971 operi-

85 1974 186 2030 bus
233 1976 342 2030 suis
389 1974 513 2029 stilo
558 1973 859 2028 remissiore
906 1974 1235 2043 praeluserit.
1310 1974 1472 2043 quid?
1529 1974 1671 2044 quod
1718 1975 1850 2028 haec

88 2066 262 2103 serum
301 2050 417 2102 erat
454 2047 741 2116 continere,
779 2065 899 2100 cum
937 2048 1030 2100 illa
1067 2066 1166 2101 uos
1205 2051 1361 2115 certe,
1399 2066 1626 2117 quorum
1656 2048 1849 2102 honori
1869 2041 1923 2081 ¹⁵

75 2121 213 2176 *data
251 2124 390 2191 sunt,
427 2120 735 2174 haberetis?
788 2120 879 2174 sed
918 2121 1057 2190 apud
1097 2124 1299 2174 ceteros
1339 2139 1555 2174 necesse
1595 2125 1679 2175 est
1716 2123 1849 2175 mul-

116 2213 203 2261 >m
246 2195 353 2249 illis
399 2197 584 2264 pereat
634 2211 700 2247 ex
744 2194 923 2263 uenia,
977 2213 1097 2248 cum
1150 2195 1427 2248 amiserint
1470 2213 1631 2264 quam
1679 2197 1849 2249 solam

7 2272 10 2327 ξ
77 2266 390 2322 'habuerunt
428 2268 658 2339 gratiam
695 2267 997 2322 celeritatis.
1056 2269 1264 2322 nullum
1302 2269 1445 2321 enim
1469 2287 1535 2323 ex
1557 2269 1663 2322 illis
1687 2269 1849 2324 biduo

204 2519 233 2559 4
264 2514 439 2560 Statius
469 2514 604 2574 stelle
636 2528 718 2560 suo
750 2515 947 2560 salutem
977 2519 1016 2559 Δ
1046 2518 1113 2573 011
1137 2522 1162 2560 6
1195 2515 1556 2562 eminentissime
1596 2531 1690 2573 qua
1719 2519 1851 2574 parte

83 2571 277 2618 uoluisti
330 2577 401 2630 oa,
455 2575 632 2619 correxi
675 2575 691 2630 ΙΙ
735 2577 764 2618 8
815 2573 1071 2631 prodierint
1114 2578 1172 2618 A:
1219 2589 1304 2632 pro
1336 2611 1345 2621 .
1380 2612 1390 2621 .
1426 2610 1435 2619 .
1471 2610 1480 2620 .
1514 2581 1544 2618 c
1573 2576 1852 2632 prodiissent

86 2629 218 2676 Dom.
241 2633 258 2689 ΙΙ
281 2636 307 2676 9
339 2631 451 2688 quid
481 2645 541 2677 no
575 2666 584 2676 .
610 2667 620 2679 .
648 2666 656 2676 .
692 2667 702 2676 .
736 2667 746 2676 .
779 2646 964 2689 quoque
993 2637 1043 2677 A*
1070 2633 1183 2690 quid
1214 2669 1223 2678 .
1257 2650 1288 2678 n
1320 2668 1330 2678 .
1366 2635 1455 2690 (uel
1487 2635 1628 2690 enim)
1661 2669 1847 2679 .....

85 2702 272 2792 ffioque
303 2694 353 2744 ος
391 2691 623 2748 suppleuit
651 2691 906 2748 Domitius,
937 2692 1032 2736 nisi
1060 2693 1181 2749 quod
1210 2706 1284 2737 me
1315 2707 1393 2750 eqo
1424 2694 1599 2737 inserui
1628 2694 1681 2737 in
1709 2695 1852 2737 musei

161 2749 300 2794 enani
335 2750 426 2795 ποῖ.
469 2749 730 2794 XXVIII
764 2754 860 2795 250
904 2752 921 2807 ΙΙ
967 2755 1022 2794 10
1061 2765 1153 2810 quo
1200 2751 1351 2796 adhuc
1392 2757 1420 2794 c
1458 2767 1505 2806 a,
1546 2753 1747 2804 correxi;
1786 2766 1851 2796 an

77 2807 237 2862 ,quoad
266 2807 418 2853 adhuc
447 2807 473 2853 ‚2
507 2809 632 2864 quod
670 2809 802 2854 Dom.
836 2823 974 2865 quom
1008 2809 1180 2854 Markl.
1219 2811 1236 2867 Η
1269 2815 1321 2854 12
1355 2825 1418 2854 cm
1449 2809 1805 2868 cognoscimus?
1834 2813 1851 2868 ξι

83 2867 144 2922 Ι14
175 2865 287 2924 suis]
329 2866 461 2912 seriis
494 2867 668 2912 Markl.
698 2868 705 2926 Ι
732 2867 866 2925 haec]
899 2869 948 2912 et
978 2867 1201 2913 Heinsius
