2014 3164
230 212 333 263 144
824 210 873 253 P.
906 209 1135 253 PAPINII
1167 208 1367 253 STATII

222 326 345 400 Ipse
384 331 603 383 madens
644 330 823 394 oculis
863 329 1172 382 umbrarum
1212 328 1524 395 animaeque
1563 328 1823 397 sacerdOS‚

225 404 596 473 Praeciperem
632 403 879 470 reditum,
919 402 1003 455 cui
1041 405 1094 454 te
1132 419 1230 454 nec
1269 399 1528 453 Cerberus
1568 402 1715 454 omni

226 477 331 531 Ore
370 495 468 530 nec
508 476 753 545 Orpheae
794 476 1009 544 quirent
1047 478 1288 527 auertere
1326 474 1485 543 leges,
1929 488 1985 528 60

225 551 404 619 Atque
443 551 520 602 ibi
557 567 635 602 me
672 566 951 618 moresque
989 552 1110 601 tuos
1150 551 1204 600 et
1239 547 1385 600 facta
1423 550 1700 599 canentem

226 624 358 677 Fors
398 627 450 675 et
489 623 832 693 magniloquo
870 640 981 674 non
1019 621 1421 689 posthabuisset
1456 619 1707 689 HomerO,

226 697 491 749 Tenderet
528 699 582 748 et
621 696 776 748 docto
814 695 988 765 pietas
1029 711 1254 762 aequare
1292 692 1516 746 Maroni.

228 769 334 822 Cur
372 770 545 838 magis
585 770 820 822 incessat
858 786 1078 837 superos
1118 770 1171 819 et
1209 767 1384 820 ahena
1422 784 1664 819 sororum

228 842 488 910 Stamina,
526 860 659 911 quae
697 842 878 910 tepido
919 841 1162 911 genetrix
1202 858 1362 909 super
1399 856 1595 909 aggere
1632 841 1749 893 nati
1932 854 1988 894 65

227 915 372 969 Orba
411 916 559 969 sedet
596 916 682 968 uel
722 933 856 984 quae
888 914 1148 983 primaeui
1182 914 1424 983 coniugis
1454 913 1635 982 ignem

227 989 440 1058 Aspicit
478 989 858 1057 obstantesque
898 1006 1088 1040 manus
1127 987 1445 1054 turbamque
1481 989 1754 1038 tenentem

226 1061 411 1115 Uincit
448 1063 506 1115 in
545 1063 841 1129 ardentem,
881 1062 1042 1113 liceat
1078 1060 1260 1127 modo,
1297 1060 1441 1111 itura
1478 1059 1769 1112 maritum?

227 1133 404 1189 Maior
443 1139 499 1189 at
535 1136 620 1187 his
660 1135 844 1187 forsan
884 1151 1103 1202 superos
1144 1135 1198 1185 et
1235 1132 1462 1185 Tartara
1497 1133 1704 1200 pulsem

226 1209 461 1262 Inuidia:
502 1209 733 1261 externis
774 1208 935 1259 etiam
973 1206 1276 1258 miserabile
1313 1205 1433 1257 uisu
1936 1222 1992 1262 το

185 1303 195 1315 ·
227 1282 409 1335 Funus
450 1285 578 1334 erat.
657 1281 748 1333 sed
786 1298 884 1333 nec
920 1280 1052 1332 mihi
1093 1297 1148 1332 se
1186 1278 1397 1332 Natura
1435 1278 1638 1331 dolenti

227 1354 340 1408 Nec
365 1355 545 1407 Pietas
583 1355 641 1407 in
679 1355 821 1407 iusta
859 1354 1026 1422 dedit3
1066 1353 1201 1405 mihi
1238 1352 1426 1422 limine
1464 1352 1637 1420 primo

228 1429 485 1482 Fatorum
525 1432 578 1480 et
615 1427 792 1495 uiridi,
831 1428 1057 1497 genitor,
1098 1444 1192 1479 ceu
1231 1427 1416 1494 raptus
1457 1425 1524 1477 ab
1565 1443 1696 1479 aeuo

227 1503 456 1555 Tartara
496 1502 627 1554 dura
666 1502 829 1555 subis,
902 1518 1001 1553 nec
1039 1500 1182 1552 enim
1221 1499 1566 1551 Marathonia
1603 1499 1758 1569 uirgo

229 1576 449 1628 Parcius
490 1575 781 1627 extinctum
822 1592 1107 1627 saeuorum
1147 1573 1366 1626 crimine
1399 1574 1669 1642 agrestum
1937 1587 1990 1628 75

228 1648 463 1702 Fleuerit
498 1648 744 1717 Icarium,
781 1647 1022 1716 Phrygia
1059 1665 1219 1715 quam
1255 1649 1403 1698 turre
1441 1645 1719 1698 cadentem

229 1724 566 1791 Astyanacta
602 1739 809 1790 parens,
884 1722 1073 1788 laqueo
1114 1720 1243 1788 quin
1279 1719 1374 1772 illa
1413 1736 1660 1787 supremo

229 1792 457 1849 Inclusit
495 1795 749 1864 gemitus:
789 1799 847 1847 at
884 1797 939 1846 te
976 1796 1102 1862 post
1139 1795 1330 1846 funera
1367 1793 1552 1861 magni

229 1869 477 1922 Hectoris
498 1868 816 1921 .Haemonio
856 1867 1028 1935 pudor
1066 1869 1147 1918 est
1185 1866 1412 1918 seruisse
1450 1865 1661 1918 marito.

229 1942 355 1995 Non
395 1960 509 2012 eg0,
549 1959 681 2010 quas
720 1941 819 1993 fati
858 1942 1032 1992 certus
1073 1939 1175 1992 sibi
1213 1956 1344 1991 uoce
1384 1956 1582 1991 canora
1935 1952 1991 1993 80

229 2015 466 2075 Inferias,
495 2014 793 2083 praemittit
831 2013 947 2066 olor
983 2030 1082 2065 nec
1119 2030 1250 2081 rupe
1289 2011 1431 2080 quod
1470 2014 1588 2064 atra

230 2087 542 2158 Tyrrhenae
581 2087 825 2139 uolucres
864 2086 1042 2140 nautis
1081 2085 1364 2154 praedulce
1401 2085 1687 2152 minantur,

229 2158 296 2215 In
334 2162 541 2231 patrios
582 2160 846 2213 adhibebo
884 2176 1068 2228 rogos;
1105 2177 1216 2211 non
1253 2175 1522 2211 murmure
1559 2162 1749 2211 trunco

350 2441 406 2481 58
446 2437 601 2480 oculos
643 2436 815 2480 Markl.
856 2437 872 2492 ΙΙ
910 2439 965 2480 59
998 2433 1317 2491 Praeciperem
1346 2433 1546 2478 reditum
1577 2434 1716 2478 idem:
1753 2433 1992 2478 Praecinc-

230 2510 329 2540 rem
368 2495 593 2553 gemitum
634 2499 661 2536 c
703 2510 730 2537 a
760 2496 775 2550 ΙΙ
806 2500 859 2539 61
893 2495 1046 2551 Atque
1076 2494 1143 2537 ibi
1174 2507 1248 2537 me
1279 2492 1522 2547 Heinsius,
1563 2505 1639 2548 eqo
1674 2493 1701 2536 Z.
1736 2493 1762 2536 l.
1793 2506 1839 2547 p.
1872 2496 1993 2538 262.-

231 2556 386 2611 Atque
425 2553 514 2597 tibi
552 2557 580 2594 c
622 2568 649 2596 a
694 2553 708 2611 ΙΙ
754 2558 808 2597 63
849 2553 985 2597 docto
1027 2552 1223 2597 Markl.:
1261 2552 1393 2595 toruo
1434 2554 1463 2592 0
1494 2565 1541 2604 εις
1580 2551 1684 2605 fort.
1723 2553 1845 2594 terso
1882 2552 1898 2607 ΙΙ
1937 2556 1993 2596 64

230 2613 416 2657 habena
446 2616 503 2656 A:
544 2616 572 2654 G
603 2626 713 2655 num
744 2625 861 2656 aena
892 2626 955 2655 an
986 2624 1097 2655 seua
1118 2610 1329 2654 habuerit
1350 2610 1570 2652 incertum
1591 2611 1607 2664 ΙΙ
1631 2613 1686 2653 68
1711 2609 1847 2654 modo
1870 2609 1994 2654 itura.

233 2671 515 2716 Scriuerius:
550 2671 775 2715 moritura
792 2674 820 2711 0
845 2685 872 2712 a
903 2670 1078 2714 ruitura
1094 2670 1316 2713 Heinsius
1338 2670 1354 2724 ΙΙ
1377 2672 1432 2711 69
1465 2669 1516 2711 at
1544 2667 1616 2711 his
1646 2668 1801 2712 forsan
1830 2669 1994 2724 scripsi

233 2731 262 2774 l.
295 2731 349 2774 l„-
385 2729 490 2773 aliis
520 2728 673 2774 forsan
703 2733 741 2771 A
772 2733 800 2770 G
842 2731 963 2772 certe
1003 2728 1107 2772 aliis
1139 2728 1272 2772 Dom.
1297 2729 1390 2784 1171
1424 2728 1593 2770 eratS:
1626 2727 1703 2770 eat
1732 2731 1761 2768 c
1793 2741 1820 2769 a
1846 2726 1852 2783 Ι
1879 2727 1990 2771 mih‘

235 2789 526 2833 Politianus:
563 2788 700 2832 modo
733 2792 761 2829 c
794 2803 820 2829 a
842 2789 858 2844 ΙΙ
882 2792 936 2831 72
967 2786 1140 2831 iniusta
1171 2790 1200 2828 c
1231 2801 1272 2840 a,
1307 2798 1420 2830 corr.
1454 2785 1751 2829 Booehornius
1773 2786 1788 2842 ΙΙ
1813 2790 1866 2830 73
1899 2787 1992 2830 An-

233 2861 398 2892 norum
431 2847 604 2891 Markl.
637 2849 652 2903 ΙΙ
684 2851 738 2890 76
779 2846 890 2890 dure
929 2859 1005 2889 seu
1045 2846 1146 2889 dira
1176 2844 1398 2889 Heinsius
1424 2844 1431 2899 Ι
1459 2848 1513 2888 77
1546 2856 1759 2900 supremo
1788 2847 1818 2885 0
1841 2858 1888 2887 a:
1922 2858 1990 2887 su·

232 2920 416 2963 premos
448 2906 543 2950 edd.
569 2907 584 2962 ΙΙ
609 2909 662 2949 78
696 2910 745 2949 at
775 2909 812 2947 A
844 2909 892 2948 c:
926 2906 973 2948 et
1005 2907 1033 2948 ς
1057 2906 1152 2960 1180
1183 2916 1297 2948 uoce
1328 2903 1449 2947 edd.-
1479 2904 1627 2947 morte
1659 2906 1687 2944 c
1719 2916 1746 2945 a
