2014 3164
127 216 198 270 92
744 217 793 261 Ρ.
825 217 1054 261 PAPINII
1085 216 1286 260 STATII

127 336 348 390 Dedere.
424 338 499 390 sic
538 339 678 389 certe
718 336 921 388 cineres
959 336 1308 404 umbramque
1346 335 1578 404 priorem

129 409 350 471 Quaeris
391 410 576 477 adhuc,
617 410 692 461 sic
732 410 978 478 exequias
1018 409 1264 476 amplexa
1302 410 1485 462 canori

129 482 386 552 Coniugis
425 484 671 551 ingentes
710 482 918 534 iterasti
954 485 1167 550 pectore
1205 482 1470 551 planctuS,

127 555 244 608 Iam
282 574 412 608 mea.
488 572 584 607 nec
623 555 792 623 pietas
833 555 939 607 alia
977 557 1058 607 est
1095 555 1194 607 tibi
1233 572 1463 624 curaque
1500 558 1673 623 natae,

129 627 214 681 Sic
254 632 308 680 et
344 632 516 680 mater
556 646 718 697 amas,
758 629 832 681 sic
870 646 1159 697 numquam
1199 628 1357 680 corde
1396 629 1593 680 recedit
1831 642 1886 682 55
1979 649 1984 658 ·

128 701 272 753 Nata
310 704 419 770 tuo,
457 702 719 770 fixamque
760 702 924 754 animi
962 701 1323 769 penetralibus
1362 702 1484 753 imis

128 773 299 827 Nocte
339 775 525 843 dieque
563 777 729 827 tenes.
803 793 912 827 non
950 775 1026 827 sic
1057 773 1345 827 Trachinia
1381 774 1535 827 nidos

128 847 384 916 Alcyone,
421 866 618 900 uernos
657 866 767 900 non
808 848 882 900 sic
920 847 1219 901 Philomela
1256 851 1476 916 penates

129 918 332 973 Circuit
372 921 697 989 amplectens
738 921 1074 990 animamque
1113 921 1169 972 in
1206 922 1436 990 pignora
1473 921 1746 974 transfert.

127 992 201 1045 Et
238 1011 380 1046 nunc
419 994 512 1046 illa
549 997 698 1063 tepet
735 994 896 1047 uiduo
936 994 1076 1062 quod
1117 994 1233 1046 sola
1271 995 1454 1047 cubili:
1834 1009 1888 1047 60

127 1065 252 1119 Otia
289 1069 401 1119 tam
440 1067 695 1136 pulchrae
732 1067 861 1119 terit
904 1067 1193 1119 infecunda
1229 1067 1496 1136 iuuentae,

129 1138 231 1192 Sed
269 1141 500 1209 uenient,
541 1141 715 1208 plenis
754 1140 972 1192 uenient
1011 1140 1242 1192 conubia
1278 1139 1464 1192 taedis.

129 1211 213 1265 Sic
253 1216 394 1266 certe
432 1213 742 1282 formaeque
781 1213 934 1264 bonis
975 1213 1245 1282 animique
1282 1217 1538 1282 meretur3

128 1284 250 1338 Siue
291 1284 483 1354 clielyn
524 1286 803 1353 complexa
838 1285 964 1338 ferit
1003 1303 1096 1339 seu
1133 1304 1264 1339 uoce
1303 1289 1528 1355 paterna

125 1357 451 1413 Discendum
489 1358 658 1411 Musis
699 1361 859 1411 sonat
897 1362 951 1411 et
988 1377 1108 1411 mea
1146 1360 1382 1412 carmina
1419 1360 1609 1428 flectit,
1834 1374 1889 1414 65

128 1430 368 1485 Candida
407 1450 500 1485 seu
538 1432 689 1484 molli
726 1432 927 1484 diducit
963 1432 1183 1485 brachia
1219 1436 1391 1485 motu:

125 1504 409 1575 Ingenium
447 1506 685 1574 probitas
726 1508 1000 1574 artemque
1043 1506 1308 1558 modestia
1345 1506 1528 1558 uincit.

124 1578 321 1631 Nonne
359 1580 504 1631 leues
543 1597 751 1648 puerOS,
789 1597 899 1631 non
935 1582 1005 1647 te,
1044 1576 1325 1648 Cytherea,
1355 1580 1576 1648 pudebit

125 1651 242 1704 Hoc
282 1669 491 1704 cessare
531 1652 726 1705 decus?
763 1670 863 1705 nec
899 1654 1112 1704 tantum
1150 1651 1324 1705 Roma
1360 1652 1565 1722 iugales

128 1723 426 1778 Conciliare
462 1728 610 1778 toros
649 1725 919 1794 festasque
959 1726 1244 1778 accendere
1282 1726 1467 1778 taedas
1836 1741 1890 1780 70

125 1797 368 1850 Fertilis:
409 1800 462 1850 et
499 1801 687 1850 nostra
725 1799 907 1867 generi
945 1799 1135 1851 tellure
1175 1798 1456 1851 dabuntur.

126 1870 253 1924 Non
291 1871 421 1924 adeo
460 1869 728 1923 Uesuinus
769 1889 902 1939 apex
941 1875 996 1923 et
1033 1871 1280 1923 flammea
1317 1871 1420 1923 diri

126 1943 329 1998 Montis
367 1944 537 1996 hiems
576 1943 813 2012 trepidas
853 1944 1098 1997 exhausit
1135 1945 1343 2015 ciuibus
1382 1945 1565 1998 urbes:

129 2015 286 2070 Stant
322 2017 639 2086 populisque
678 2018 878 2086 uigent.
952 2017 1078 2070 hinc
1118 2018 1329 2086 auspice
1369 2018 1583 2071 condita
1622 2018 1837 2074 Phoebo

127 2090 291 2144 Tecta
329 2090 612 2143 Dicarchei
649 2094 944 2159 portusque
984 2094 1038 2143 et
1077 2091 1240 2144 litora
1278 2091 1476 2144 mundo
1835 2107 1889 2148 75

126 2163 380 2232 Hospita:
421 2167 478 2215 at
513 2163 640 2216 hinc
678 2180 907 2233 magnae
944 2167 1149 2217 tractus
1187 2164 1457 2216 imitantia
1495 2165 1699 2219 Romae

129 2236 275 2299 Quae
314 2235 491 2305 Capys
532 2236 766 2289 aduectis
804 2237 1037 2306 inpleuit
1074 2237 1287 2290 moenia
1325 2237 1560 2291 Teucris

126 2309 330 2363 Nostra
370 2328 577 2379 quoque
618 2313 671 2362 et
708 2311 942 2379 propriis
982 2311 1158 2364 tenuis
1197 2329 1295 2364 nec
1333 2328 1458 2364 rara
1496 2312 1697 2366 colonis

245 2619 300 2660 57
331 2614 563 2659 trachinia
601 2617 652 2659 ςε
691 2613 890 2659 intracia
927 2613 990 2657 A*
1021 2619 1049 2657 G
1094 2616 1110 2670 ΙΙ
1156 2619 1211 2660 60
1242 2617 1373 2671 tepet
1401 2616 1587 2672 scripsi:
1629 2618 1760 2662 tenet
1789 2622 1818 2660 c
1849 2633 1889 2674 a,

127 2687 212 2731 quo
249 2678 430 2718 seruato
467 2673 658 2717 uiduum
697 2673 848 2716 cubile
889 2673 1159 2727 Geuarth,
1197 2674 1335 2730 uulyo
1357 2675 1374 2730 ΙΙ
1405 2680 1458 2719 61
1491 2677 1588 2718 tam
1622 2675 1889 2721 Geuartius:

126 2734 218 2777 iam
251 2738 278 2775 c
310 2748 337 2776 a
366 2734 382 2789 ΙΙ
415 2737 469 2777 63
502 2732 775 2787 animaeque
809 2736 836 2773 c
868 2745 909 2787 a,
941 2745 1055 2776 corr.
1091 2737 1119 2776 ς
1151 2734 1167 2788 ΙΙ
1197 2737 1254 2776 64
1284 2733 1394 2777 ferit
1425 2733 1624 2777 Marki:
1654 2736 1832 2792 petiffc
1864 2749 1894 2780 a

124 2792 140 2849 Η
172 2796 225 2836 72
260 2791 507 2836 uesuuinus
537 2793 597 2844 A;
636 2791 689 2834 de
727 2794 755 2831 c
793 2803 887 2834 non
926 2792 1063 2847 liquet
1099 2793 1115 2847 ΙΙ
1154 2795 1211 2835 74
1241 2790 1348 2835 hinc
1379 2791 1622 2836 Heinsius:
1655 2793 1729 2837 hic
1761 2798 1790 2835 c
1821 2809 1848 2836 a
1877 2793 1893 2853 Η

128 2854 181 2895 75
221 2850 392 2894 mundo
430 2848 524 2903 (uel
571 2849 691 2905 Baii)
732 2849 930 2894 Μανᾶς
980 2849 1140 2893 mundi
1179 2854 1208 2891 c
1239 2864 1267 2892 a
1303 2851 1437 2906 ponti
1478 2852 1551 2895 uel
1588 2852 1730 2896 musis
1768 2852 1891 2896 Bur-

124 2921 321 2953 mannus
