2014 3164
186 217 292 268 114
793 218 843 262 P.
876 217 1107 263 PAPINII
1139 219 1336 264 STATII

184 336 368 390 Sermo
406 337 709 404 hilaresque
747 336 853 389 ioci
894 337 1192 391 brumalem
1231 339 1508 392 absumere
1545 344 1759 395 noctem

184 409 476 463 Suaserunt
514 409 831 478 mollemque
870 411 1036 463 oculis
1075 412 1335 479 expellere
1374 430 1636 483 somnum,

180 482 366 536 Donec
406 483 472 535 ab
511 481 710 550 Elysiis
749 484 1024 551 prospexit
1063 484 1275 537 sedibus
1316 485 1452 537 alter
1896 502 1950 542 15

181 555 372 609 Castor
410 561 464 607 et
500 555 781 607 hesternas
820 556 941 608 risit
979 556 1236 609 Tithonia
1273 575 1503 611 mensas,

181 627 225 681 O
270 630 414 681 bona
451 628 581 680 nox!
620 627 905 697 iunctaque
943 630 1152 682 utinam
1191 629 1476 698 Tirynthia
1512 633 1662 685 luna!

179 700 302 753 Nox
341 704 395 752 et
430 700 749 768 Erythraeis
787 701 1028 755 Thetidis
1069 698 1334 772 signanda
1371 704 1570 772 lapillis

178 774 254 826 Et
290 773 638 826 memoranda
676 773 766 826 diu
804 775 1121 844 geniumque
1160 776 1412 830 habitura
1449 781 1765 846 perennem!

179 846 328 899 Mille
367 847 444 899 ibi
481 850 611 899 tunc
651 848 854 915 species
894 848 1136 917 aerisque
1175 850 1455 918 eborisque
1495 853 1698 905 uetusti
1895 869 1952 908 20

183 920 358 990 Atque
396 921 669 972 locuturas
709 921 935 973 mentito
976 940 1197 990 corpore
1237 940 1385 976 ceras

178 992 404 1046 Edidici.
458 993 576 1061 quis
614 1011 844 1062 namque
885 995 1051 1046 oculis
1091 996 1378 1048 certauerit
1415 1014 1643 1065 usquam

179 1065 438 1135 Uindicis,
478 1066 742 1118 artificum
781 1069 990 1119 ueteres
1032 1084 1322 1136 agnoscere
1362 1068 1550 1121 ductus

179 1139 253 1192 Et
290 1158 402 1192 non
438 1140 714 1207 inscriptis
755 1142 1025 1191 auctorem
1063 1140 1280 1192 reddere
1321 1141 1533 1211 signis?

177 1212 280 1265 Hic
318 1213 420 1265 tibi
460 1230 594 1280 quae
634 1212 790 1264 docto
830 1213 1059 1264 multum
1097 1213 1322 1282 uigilata
1359 1212 1575 1283 Myroni
1897 1234 1951 1273 25

178 1285 336 1352 Aera,
374 1285 648 1338 laboriferi
685 1285 873 1337 uiuant
912 1303 1047 1354 quae
1085 1305 1355 1340 marmora
1392 1289 1538 1341 caelo

178 1358 480 1424 Praxitelis
520 1358 662 1426 quod
701 1358 831 1410 ebur
869 1358 1062 1412 Pisaeo
1101 1360 1291 1428 pollice
1328 1379 1525 1426 rasum,

179 1431 334 1494 Quod
372 1431 695 1499 Polycleteis
734 1431 941 1484 iussum
981 1432 1185 1500 spirare
1225 1434 1462 1502 caminis²

176 1505 345 1557 Linea
384 1522 519 1573 quae
557 1507 791 1556 ueterem
821 1505 981 1574 longe
1018 1505 1254 1558 fateatur
1290 1505 1562 1578 Apellem‚

177 1577 534 1630 Monstrabit:
566 1595 799 1646 namque
829 1577 977 1647 haec,
1012 1579 1261 1647 quotiens
1295 1580 1493 1649 chelyn
1525 1582 1671 1634 exuit
1702 1583 1806 1653 1116,
1894 1600 1951 1639 30

177 1650 397 1703 Desidia
436 1654 534 1718 est,
572 1651 659 1702 hic
696 1650 889 1703 Aoniis
929 1669 1080 1704 amor
1118 1655 1310 1705 auocat
1349 1655 1531 1707 antris

176 1724 327 1777 Haec
365 1724 507 1776 inter
545 1727 729 1776 castae
763 1724 951 1793 genius
989 1725 1263 1795 tutelaque
1302 1744 1516 1780 mensae

177 1797 692 1865 Amphitryoniades
731 1797 900 1850 multo
939 1816 1059 1859 mea
1097 1799 1239 1867 cepit
1277 1818 1456 1853 amore

177 1870 406 1923 Pectora
440 1887 538 1923 nec
576 1870 738 1939 longo
779 1871 998 1923 satiauit
1034 1871 1239 1924 lumina
1275 1872 1419 1926 uisu:

178 1943 384 1996 Tantus
424 1942 599 1995 honos
640 1942 788 2010 operi
826 1943 1062 2012 finesque
1101 1945 1307 1998 inclusa
1344 1964 1440 2014 per
1479 1950 1624 2002 artos
1893 1965 1948 2004 35

176 2017 463 2069 Maiestas!
503 2016 646 2084 deuS,
683 2016 773 2068 1116
813 2016 941 2068 deus
981 2035 1036 2069 se
1075 2035 1233 2086 saepe
1271 2019 1529 2071 tuendum

175 2090 419 2158 Indulsit,
458 2088 707 2157 Lysippe,
744 2089 859 2157 tibi,
897 2108 1198 2159 paruusque
1236 2091 1405 2144 uideri

179 2162 479 2231 Sentirique
518 2163 729 2231 ingens!
770 2166 825 2214 et
863 2181 984 2215 cum
1023 2164 1286 2217 mirabilis
1322 2165 1469 2218 intra

182 2235 301 2289 Stet
337 2253 587 2288 mensura
625 2235 830 2303 pedem,
867 2238 1050 2289 tamen
1086 2238 1382 2290 exclamare
1420 2239 1623 2309 libebit,

178 2308 235 2362 Si
272 2310 420 2362 uisus
459 2326 555 2378 per
593 2309 832 2361 membra
869 2309 1032 2362 feres:
1074 2309 1195 2364 ‘hoc
1231 2314 1448 2380 pectore
1485 2331 1701 2381 pressus
1890 2331 1946 2370 40

296 2560 350 2599 13
382 2555 623 2599 absumere
655 2559 703 2597 σε
737 2569 967 2599 assumere
1001 2560 1029 2600 ς
1063 2572 1089 2599 a
1111 2558 1127 2613 ΙΙ
1154 2561 1205 2601 18
1231 2557 1512 2614 Erythraeae
1538 2560 1712 2605 Markl.
1736 2562 1752 2618 ΙΙ
1779 2567 1831 2606 19
1863 2564 1945 2608 ha-

174 2614 329 2659 bitura
360 2616 409 2657 3:
443 2613 748 2668 habitumque
780 2618 808 2655 c
841 2629 867 2656 a
890 2616 904 2671 ΙΙ
936 2619 990 2658 25
1022 2615 1110 2659 Η10
1141 2619 1198 2659 A:
1229 2616 1326 2660 Hec
1358 2621 1386 2658 c
1409 2618 1425 2673 ΙΙ
1457 2622 1512 2662 26
1546 2618 1664 2662 caeli
1696 2624 1724 2661 c
1757 2635 1796 2675 a,
1830 2635 1943 2666 corr.

175 2673 412 2717 Auantius
434 2673 450 2729 ΙΙ
472 2677 528 2716 28
562 2671 693 2724 Quod
726 2675 754 2715 ς
788 2687 834 2715 a:
869 2672 989 2725 Quid
1021 2675 1168 2731 01130
1191 2674 1469 2720 monstrauit
1500 2680 1528 2718 0
1560 2692 1601 2731 a,
1633 2691 1746 2722 corr.
1773 2679 1944 2725 Geuar-

175 2733 268 2788 tius
295 2733 301 2788 1
327 2731 408 2775 1116
441 2735 469 2772 c
501 2745 549 2773 a:
580 2730 652 2773 illi
684 2729 933 2775 Geuartius
970 2734 985 2788 ΙΙ
1027 2736 1081 2777 35
1115 2733 1239 2778 artos
1270 2734 1366 2779 edd.
1379 2751 1393 2777 .·
1425 2736 1551 2779 artus
1583 2736 1643 2778 A*
1675 2741 1724 2790 c;
1755 2738 1947 2792 fortasse

177 2792 432 2847 tenuesque
463 2789 496 2835 i.
527 2802 612 2846 per
643 2790 771 2832 artus
794 2790 809 2845 ΙΙ
832 2794 888 2834 36
919 2790 1110 2845 fortasse
1140 2792 1240 2848 ipse
1269 2793 1275 2847 Ι
1302 2806 1350 2836 se
1374 2806 1511 2850 saepe
1535 2796 1724 2850 scripsi:
1755 2810 1945 2854 seseque

178 2854 206 2891 c
239 2864 266 2892 a
303 2850 310 2905 1
348 2848 573 2893 tuendum
604 2847 907 2892 Schraderus:
944 2849 1196 2894 uidendum
1227 2854 1256 2892 c
1289 2866 1316 2893 a
1348 2851 1364 2907 ΙΙ
1402 2856 1457 2896 39
1497 2853 1668 2908 pedum
1699 2859 1727 2896 c
1759 2870 1799 2912 a,
1831 2870 1943 2901 corr.

175 2908 413 2952 Amantius
