2014 3164
26 915 41 983 ἰ

679 218 987 264 smUAaUM
1018 218 1069 263 L.
1101 216 1179 275 1v,
1210 222 1250 262 4.
1742 215 1843 268 107

920 408 1014 463 IV.

348 510 648 558 EPISTOLA
685 511 767 556 AD
806 508 1145 555 UICTORIUM
1188 509 1580 555 MARCELLUM.

85 615 251 672 Curre
289 634 386 687 per
421 616 691 670 Euboicos
730 633 843 668 non
874 614 1071 684 segnis,
1109 614 1354 683 epistola,
1394 610 1627 683 campos,

83 689 199 744 Hac
229 690 476 761 ingressa
513 690 643 759 uias,
682 707 788 758 qua
824 688 1020 742 nobilis
1058 686 1239 757 Appia
1277 689 1467 741 crescit

83 763 150 817 In
187 763 330 817 latus
370 766 424 817 et
461 763 647 816 molles
688 761 889 815 solidus
928 761 1124 830 premit
1162 777 1329 831 agger
1368 779 1576 815 arenas.

18 836 262 906 Atque
299 836 393 890 ubi
430 835 720 890 Romuleas
759 835 915 888 uelox
952 835 1319 903 penetraueris
1360 852 1524 904 arces,

85 908 354 964 Continuo
394 909 605 964 dextras
644 908 771 962 flaui
808 911 929 977 pete
970 907 1258 977 Thybridis
1298 926 1436 975 oras,
1822 919 1849 961 5

17 982 258 1053 Lydia
295 1001 402 1053 qua
438 983 652 1053 penitus
692 984 943 1052 stagnum
981 981 1174 1035 nauale
1214 981 1461 1035 cohercet

29 1056 224 1126 Ripa
262 1056 682 1125 suburbanisque
713 1055 910 1108 uadum
948 1054 1276 1139 praetexitur
1313 1054 1501 1109 hortis.

14 1121 38 1171 .'
83 1129 200 1183 Illic
239 1130 515 1200 egregium
552 1130 830 1198 formaque
871 1128 1169 1198 animisque
1207 1128 1415 1182 uidebis

19 1207 39 1265 ιζ
84 1202 396 1258 Marcellum
435 1205 490 1257 et
528 1203 669 1256 celso
708 1201 1050 1271 praesignem
1088 1202 1290 1257 uertice
1327 1219 1532 1255 nosces.

14 1271 43 1334 ’ᾗ
86 1275 187 1331 Oui
223 1276 456 1346 primum
495 1276 653 1330 solito
692 1276 842 1345 uulgi
881 1274 943 1328 de
982 1293 1130 1328 more
1171 1275 1415 1340 salutem,
1795 1285 1851 1328 ιο

16 1358 43 1419 ζ’,
85 1349 212 1404 Mox
250 1349 459 1403 inclusa
496 1349 667 1403 modis
706 1349 838 1402 haec
877 1348 1094 1402 reddere
1132 1349 1299 1401 uerba
1335 1350 1630 1402 mementot

20 1437 26 1491 ;.·
88 1422 223 1477 ‘Iam
254 1426 426 1477 terras
464 1423 841 1492 uolucremque
879 1422 1063 1490 polum
1101 1421 1232 1492 fuga
1262 1422 1403 1475 ueris
1442 1422 1633 1492 aquosi

85 1496 260 1551 Laxat
296 1499 352 1550 et
388 1496 576 1550 Icariis
609 1496 814 1549 caelum
853 1495 1141 1548 latratibus
1181 1496 1311 1564 urit3

0 1572 37 1638 :¹³
85 1569 271 1624 Ardua
307 1570 416 1624 iam
456 1569 649 1623 densae
686 1573 965 1622 rarescunt
1002 1569 1211 1622 moenia
1249 1536 1470 1622 Romae.

85 1643 202 1698 Hos
240 1643 525 1697 Praeneste
565 1661 788 1711 sacrum,
825 1660 1013 1696 nemus
1052 1641 1152 1695 hos
1193 1642 1416 1711 glaciale
1454 1640 1684 1710 Dianae,
1798 1653 1853 1694 15

87 1716 316 1788 Algidus
355 1719 450 1770 aut
485 1716 709 1771 horrens
748 1718 841 1769 aut
879 1714 1110 1769 Tuscula
1147 1716 1385 1785 protegit
1420 1715 1632 1783 umbra,

86 1789 299 1844 Tiburis
337 1789 396 1843 hi
432 1790 582 1844 lucos
620 1788 937 1858 Anienaque
975 1789 1182 1858 frigora
1220 1791 1455 1857 captant.

46 1863 47 1866 ’
87 1862 162 1917 Te
201 1881 410 1934 quoque
449 1864 717 1917 clamosae
756 1880 1018 1932 quaenam
1058 1862 1221 1931 plaga
1260 1862 1441 1915 mitior
1477 1862 1597 1915 urbi

22 1947 44 1991 Γ
89 1936 405 1991 Subtrahit‘?
466 1937 702 1990 aestiuos
734 1954 840 2006 quo
879 1936 1078 2005 decipis
1119 1953 1240 1988 aere
1279 1934 1455 1988 soles?

26 2071 27 2074 Ἴ
89 2010 227 2074 Quid
264 2014 390 2064 tuus
431 2011 555 2064 ante
594 2009 784 2078 omnis,
820 2011 916 2062 tua
947 2027 1074 2062 cura
1111 2009 1408 2078 potissima,
1447 2007 1649 2076 GalluS,
1797 2020 1854 2062 20

26 2115 42 2143 ς,
86 2083 200 2138 Nec
236 2101 349 2147 non
385 2086 572 2137 noster
602 2101 754 2136 amor
791 2080 1035 2154 (dubium
1073 2100 1350 2135 morumne
1388 2081 1699 2151 probandus

87 2157 369 2228 Ingeniine
407 2154 590 2226 bonis)
630 2155 798 2209 Latiis
837 2156 1068 2209 aestiuat
1105 2156 1162 2208 in
1205 2155 1351 2209 oris?

18 2241 39 2305 ξ
88 2231 247 2284 Anne
282 2230 634 2284 metalliferae
671 2229 867 2299 repetit
903 2229 1013 2282 iam
1050 2229 1263 2282 moenia
1300 2228 1485 2281 Lunae

89 2304 501 2374 Tyrrhenasque
541 2303 765 2357 domos?
805 2302 947 2372 quod
986 2302 1033 2356 si
1068 2303 1171 2355 tibi
1207 2303 1484 2371 proximus
1524 2301 1726 2372 haeret,

17 2402 45 2443 vj
87 2376 214 2431 Non
252 2394 352 2448 ego
391 2394 534 2430 nunc
564 2381 745 2430 uestro
783 2376 968 2445 procul
1008 2394 1039 2429 a
1070 2393 1315 2430 sermone
1354 2375 1565 2444 recedo;
1797 2390 1853 2430 25

90 2449 309 2504 Certum
347 2453 447 2520 est,
484 2449 606 2503 inde
646 2467 810 2503 sonus
851 2450 1093 2519 geminas
1132 2449 1263 2502 mihi
1301 2450 1489 2502 circuit
1527 2467 1698 2503 aures,

46 2525 50 2528 ’
90 2523 192 2577 Sed
228 2527 304 2593 tu,
341 2523 469 2577 dum
506 2523 672 2577 nimio
711 2541 960 2592 possessa
996 2521 1308 2592 Hyperione
1346 2523 1540 2593 flagrat

0 2791 1 2813 1

0 2824 192 2900 ⁴02,
223 2856 338 2889 corr.
372 2844 939 2902 sn131atratibussa:

46 2920 49 2974 ζ
88 2915 348 2959 amenaque
378 2906 410 2964 (ξ
429 2904 446 2959 ΙΙ
471 2907 524 2948 18
556 2904 713 2948 malim
742 2917 852 2947 num
884 2915 1003 2958 quae
1026 2903 1042 2959 ΙΙ
1065 2906 1120 2946 22
1153 2901 1391 2993 Ingeniine
1420 2906 1479 2945 A·
1510 2902 1750 2959 Ingeniiue
1782 2907 1810 2944 c

206 2784 284 2831 IV.
320 2784 528 2830 Titulum
555 2785 622 2830 sic
650 2785 816 2830 habent
845 2787 884 2828 A
915 2785 1031 2887 ⁰1³8
1062 2782 1164 2829 Illic
1197 2788 1226 2828 ς
1258 2799 1306 2829 a:
1338 2785 1423 2829 Ille
1454 2790 1483 2827 c
1528 2786 1544 2841 u
1570 2788 1624 2829 10
1655 2783 1854 2842 primam

992 2842 1251 2888 atrantibus
1282 2848 1310 2886 c
1333 2845 1349 2900 ΙΙ
1375 2848 1427 2887 17
1453 2844 1709 2901 anienaque
1741 2847 1771 2887 ς
1803 2858 1852 2886 a:
