2014 3164
405 204 456 250 P.
488 202 716 249 PAPINII
747 202 943 248 STATII
975 202 1287 248 SILUARUM
1318 201 1368 248 L.
1400 201 1458 258 11,
1491 206 1530 246 1.
1785 201 1853 253 37

88 323 204 379 stili
255 323 569 377 facilitatem
624 322 708 375 leo
746 324 1084 389 mansuetus,
1138 339 1295 391 quem
1348 321 1407 375 in
1460 321 1857 390 amphitheatro

89 398 419 467 prostratum
442 395 696 466 frigidum
721 398 850 465 erat,
873 395 1233 449 sacratissimo
1252 395 1570 463 Imperatori
1593 395 1649 447 ni
1674 395 1858 447 statim

89 469 370 525 traderem.
416 469 484 523 ad
507 468 706 523 Ursum
738 486 946 538 quoque
978 472 1239 536 nostrum,
1271 469 1518 522 iuuenem
1549 467 1858 521 candidissi·
1891 485 1947 524 20

90 561 238 597 mum
283 545 337 600 et
379 543 494 596 sine
541 543 748 596 iactura
795 541 1025 595 desidiae
1065 542 1454 610 doctissimum,
1501 541 1755 610 scriptam
1795 541 1859 592 de

91 634 289 670 amlsso
334 634 500 686 puero
547 615 967 670 consolationem
1023 633 1183 684 super
1228 632 1291 667 ea
1344 633 1479 684 quae
1531 615 1638 683 ipsi
1691 614 1860 667 debeo

87 688 212 743 huic
243 689 380 743 libro
411 690 643 743 libenter
673 689 888 758 inserui,
927 689 1052 758 quia
1082 688 1341 742 honorem
1375 690 1487 741 eius
1518 689 1618 741 tibi
1656 688 1861 741 laturus

91 764 368 832 acceptum
408 765 504 816 est.
564 762 730 815 cludit
766 763 1019 815 uolumen
1059 762 1436 831 genethliacon
1467 761 1683 830 Lucani,
1721 761 1862 831 quod

89 834 244 890 Polla
267 834 608 906 Argentaria,
638 835 933 888 clarissima
962 853 1202 903 uxorum,
1233 854 1354 889 cum
1385 835 1528 887 hunc
1553 835 1693 887 diem
1724 836 1862 887 forte
1893 851 1951 892 25

90 926 544 978 consecraremus,
583 909 835 978 imputari
876 909 977 961 sibi
1016 909 1201 961 uoluit.
1273 926 1373 978 ego
1412 927 1523 962 non
1562 909 1714 977 potui
1753 926 1862 960 ma-

24 1022 27 1030 s
89 981 256 1036 iorem
309 982 451 1036 tanti
521 983 752 1036 auctoris
820 982 1018 1035 habere
1081 983 1437 1035 reuerentiam
1499 1000 1659 1051 quam
1723 980 1864 1051 quod

61 1054 273 1110 ‘laudes
306 1058 420 1109 eius
453 1055 690 1109 dicturus
722 1056 1058 1108 hexametros
1092 1074 1239 1109 meos
1269 1056 1443 1108 timui.
1503 1055 1635 1108 haec
1666 1054 1866 1124 qualia·

90 1146 315 1199 cumque
367 1132 516 1198 sunt,
555 1129 748 1182 Melior
786 1130 1077 1199 carissime,
1114 1129 1159 1182 si
1199 1129 1298 1182 tibi
1337 1147 1447 1182 non
1486 1128 1866 1198 displicuerint,

59 1223 61 1225 ·
91 1220 123 1256 a
159 1205 216 1256 te
252 1202 530 1272 publicum
568 1203 853 1271 accipiant3
893 1204 939 1256 si
976 1203 1170 1271 minue,
1210 1202 1277 1255 ad
1317 1221 1400 1255 me
1439 1206 1791 1255 reuertentur.
1898 1220 1954 1259 3ο

951 1421 992 1474 Ι.

365 1535 665 1582 GLAUCIAS
699 1535 903 1580 ATEDII
936 1536 1225 1582 MELIORIS
1258 1536 1593 1582 DELICATUS

91 1626 246 1689 Quod
282 1626 384 1680 tibi
422 1626 712 1696 praerepti,
750 1626 968 1695 Melior,
1007 1628 1247 1680 solamen
1286 1628 1511 1696 alumni,

24 1750 25 1763 ,
89 1699 356 1768 Inprobus
396 1703 521 1752 ante
558 1717 721 1769 rogos
762 1703 815 1752 et
855 1700 1024 1753 adhuc
1065 1702 1278 1753 uiuente
1316 1701 1504 1754 fauilla

0 1822 1 1841 ἶ
60 1772 322 1833 [Ordiar‘s’
362 1772 606 1842 abruptis
646 1774 808 1826 etiam
846 1791 990 1826 nunc
1029 1774 1209 1826 flebile
1248 1775 1407 1827 uenis

90 1843 300 1900 Uulnus
340 1846 470 1915 hiat,
509 1863 842 1916 magnaeque
880 1849 1030 1915 patet
1068 1848 1156 1899 uia
1193 1847 1397 1900 lubrica
1435 1849 1641 1917 plagae.

57 1947 59 1951 .
91 1916 225 1973 Cum
262 1920 370 1972 iam
409 1924 623 1988 egomet
661 1922 850 1972 cantus
889 1924 943 1972 et
981 1921 1145 1973 uerba
1183 1921 1448 1974 medentia
1486 1922 1663 1976 saeuis
1927 1937 1956 1980 5

23 2003 55 2066 245·
91 1989 340 2062 Confero,
376 1994 436 2045 tu
473 1993 722 2061 planctus
760 1993 1104 2062 lamentaque
1143 1994 1304 2046 fortia
1343 1996 1514 2048 mauis

30 2103 34 2109 .
91 2065 367 2135 Odistique
406 2065 602 2134 chelyn
640 2065 903 2136 surdaque
943 2068 1198 2119 auerteris
1238 2085 1378 2121 aure.

53 2159 57 2163 ·
89 2138 424 2208 Intempesta
461 2156 617 2192 cano:
657 2139 813 2192 citius
852 2158 938 2193 me
974 2141 1131 2210 tigris
1171 2141 1377 2195 abactis

25 2210 48 2235 ³
90 2211 310 2266 Fetibus
349 2212 627 2282 orbatique
665 2213 836 2265 uelint
873 2213 1055 2266 audire
1093 2214 1290 2267 leones».

51 2315 55 2321 ‚
89 2284 202 2338 Nec
241 2286 286 2339 si
322 2286 681 2356 tergeminum
721 2284 900 2339 Sicula
937 2287 1002 2339 de
1040 2287 1248 2357 uirgine
1287 2306 1502 2344 carmen
1899 2311 1955 2353 10

18 2362 60 2414 ’ἓ-,τ
90 2358 297 2412 Affluat
334 2362 430 2411 aut
468 2359 619 2412 siluis
659 2359 842 2428 chelys
881 2360 1154 2414 intellecta
1192 2362 1447 2431 ferisque,

0 2441 49 2471 ¹-
89 2430 325 2486 Mulceat
362 2432 586 2485 insanos
625 2434 874 2502 gemitus.
929 2437 1040 2486 stat
1076 2437 1291 2503 pectore
1331 2436 1550 2490 demens

16 2502 42 2552 ῗῖ
88 2504 288 2559 Luctus
327 2507 382 2558 et
419 2505 635 2559 admoto
674 2507 878 2559 latrant
914 2508 1226 2575 praecordia
1265 2514 1426 2563 tactu.

89 2577 262 2632 Nemo
300 2581 474 2632 uetat:
515 2582 709 2632 satiare
748 2580 904 2632 malis
945 2598 1267 2651 aegrumque
1308 2583 1544 2636 dolorem

207 2726 264 2767 24
295 2725 486 2781 accepto
517 2729 547 2767 c
578 2739 619 2780 a,
650 2738 763 2770 corr.
797 2725 930 2769 Dom.
974 2726 980 2781 Ι
1024 2727 1105 2772 est.
1138 2726 1287 2771 cludit
1319 2728 1622 2785 Madmyius:
1655 2730 1863 2777 excludit

15 2786 22 2813 ·.
50 2787 51 2792 ’
88 2785 118 2823 0
148 2795 175 2824 a
196 2781 214 2838 ΙΙ
235 2785 292 2826 26
324 2781 496 2827 clariss.
530 2787 588 2827 A:
621 2784 775 2828 cariss.
809 2788 838 2826 c
869 2785 884 2839 ΙΙ
916 2789 972 2828 ‘26
1006 2798 1375 2831 consecraremus
1407 2789 1665 2832 Auanttus:
1699 2803 1859 2835 consu-

16 2845 49 2881 Γ
87 2838 285 2884 lei-emus
315 2844 346 2883 ὓ
375 2844 431 2895 et,
461 2845 514 2885 ut
542 2843 655 2895 uid,
685 2846 726 2885 Δ
755 2843 1096 2887 consideremus
1129 2849 1159 2888 ς

204 2898 238 2944 Ι.
277 2902 318 2955 ὅ,
352 2904 378 2944 6
414 2913 579 2945 saeuus
612 2902 683 2957 (A)
718 2901 918 2946 Consero
951 2906 992 2957 c,
1027 2916 1138 2946 corr.
1176 2919 1202 2945 a
