2014 3164
136 160 208 212 40
737 161 787 206 P.
817 161 1046 206 PAPINH
1077 161 1274 206 STATII

139 280 410 343 Quaesisti
448 281 680 334 lasciuus
721 297 869 332 erum
908 280 1160 349 tardeque
1198 281 1417 348 parasti.
1846 296 1898 336 75

139 353 278 407 Hinc
318 354 530 422 domus,
566 353 899 420 hincxortus‚
939 353 1240 422 dominique
1279 354 1563 422 penatibus
1605 355 1732 408 olim

139 426 307 480 Carus
349 430 570 495 uterque
610 443 803 494 parens
842 432 1000 494 atque
1039 427 1094 478 in
1132 429 1226 478 tua
1264 427 1461 495 gaudia
1498 428 1646 481 liber.

137 499 219 552 Ne
260 517 536 568 quererere
577 515 767 568 genus,
807 502 1019 567 raptum
1058 502 1110 551 te
1148 500 1392 568 protinus
1433 501 1555 553 aluo

138 571 365 625 Sustulit
403 573 646 624 exultans
686 589 747 624 ac
785 574 957 640 prima
996 572 1171 624 lucida
1209 590 1338 625 uoce

136 645 301 697 Astra
340 646 660 698 salutantem
701 645 947 698 dominus
988 645 1090 697 sibi
1127 648 1303 697 mente
1343 646 1564 715 dicauit,
1845 661 1901 702 80

136 719 530 787 Amplexusque
572 719 692 770 sinu
729 718 856 770 tulit
895 722 948 770 et
986 719 1233 787 genuisse
1271 721 1499 786 putauit.

136 790 239 843 Fas
279 792 413 843 mihi
454 794 757 844 sanctorum
796 792 954 843 uenia
994 791 1189 844 dixisse
1228 795 1536 861 parentum,

137 864 345 933 Tuque,
376 883 502 948 oro,
541 863 771 947 Natura,
813 865 980 932 sinaS‚
1021 865 1105 917 cui
1143 865 1297 932 priua
1334 884 1428 933 per
1468 867 1651 919 orbem

135 937 262 990 Iura
302 938 493 990 animis
535 939 740 990 sancire
781 938 986 989 datum.
1026 956 1138 990 non
1177 938 1356 990 omnia
1395 941 1614 1008 sanguis

135 1010 415 1063 Proximus
457 1013 549 1063 aut
589 1011 720 1063 serie
761 1011 968 1079 generis
1010 1011 1243 1062 demissa
1281 1030 1521 1080 propago
1842 1027 1897 1066 85

134 1083 364 1153 Alligat3
402 1085 627 1136 interius
659 1102 802 1136 noua
841 1101 999 1152 saepe
1040 1084 1346 1152 adscitaque
1387 1088 1611 1152 serpunt

134 1156 368 1226 Pignora
406 1158 634 1210 conexis.
692 1160 849 1209 natos
889 1158 1138 1225 genuisse
1177 1175 1393 1210 necesse
1433 1164 1537 1227 est,

135 1229 381 1299 Elegisse
419 1231 585 1282 iuuat.
640 1233 822 1282 tenero
866 1231 941 1282 sic
980 1230 1209 1282 blandus
1247 1231 1446 1282 Achilli

136 1301 361 1355 Semifer
399 1303 758 1355 Haemonium
797 1303 1049 1355 uincebat
1087 1302 1245 1355 Pelea
1284 1302 1498 1356 Chiron.

133 1375 247 1428 Nec
286 1377 497 1445 genitor
535 1375 951 1428 Peleusnatum
990 1376 1274 1428 comitatus
1313 1377 1369 1427 in
1409 1395 1560 1429 arma
1847 1393 1903 1433 90

135 1449 345 1518 Troica,
385 1450 475 1502 sed
515 1467 635 1501 caro
675 1448 916 1501 Phoenix
953 1449 1209 1501 haerebat
1247 1450 1477 1502 alumno.

135 1522 373 1590 Optabat
409 1524 568 1592 longe
606 1523 809 1574 reditus
849 1522 1111 1574 Pallantis
1152 1523 1363 1574 ouantis

132 1595 404 1663 Euander,
442 1597 578 1647 fidus
617 1613 824 1664 pugnas
865 1595 1145 1664 spectabat
1180 1594 1423 1648 Acoetes

135 1666 374 1738 Cumque
414 1669 600 1736 procul
639 1669 826 1720 nitidis
867 1669 1080 1737 genitor
1118 1672 1352 1720 cessaret
1391 1669 1458 1721 ab
1500 1669 1682 1736 astri8‚

132 1741 480 1810 Fluctiuagus
518 1741 792 1794 uolucrem
830 1742 1077 1793 comebat
1114 1741 1309 1794 Persea
1347 1739 1550 1810 Dictys,
1847 1758 1904 1797 95

134 1814 274 1877 Quid
310 1816 539 1867 referam
579 1815 825 1867 altricum
863 1815 1033 1866 uictas
1071 1814 1270 1882 pietate
1309 1817 1594 1881 parentes?

135 1888 274 1949 Quid
310 1891 363 1940 te
402 1891 528 1956 post
566 1889 768 1940 cineres
810 1887 1133 1956 deceptaque
1172 1888 1362 1939 funera
1399 1890 1588 1942 matris

135 1962 323 2014 Tutius
362 1961 494 2014 Inoo
534 1964 836 2029 reptantem
874 1964 1112 2028 pectore,
1151 1960 1396 2013 Bacche?

133 2035 248 2087 Iam
289 2053 476 2087 secura
512 2053 704 2102 parens
746 2033 935 2085 Tuscis
974 2034 1238 2102 regnabat
1274 2035 1333 2086 in
1371 2035 1528 2088 undis

132 2108 257 2175 Ilia,
295 2111 600 2177 portantem
639 2107 878 2159 lassabat
915 2106 1177 2159 Romulus
1217 2106 1431 2160 Accam.
1712 2143 1714 2146 -
1751 2121 1754 2125 '
1784 2141 1786 2143 ·
1817 2125 1902 2163 100

133 2180 260 2234 Uidi
299 2198 398 2251 ego
436 2184 733 2233 transertos
774 2181 947 2232 alieno
987 2181 1045 2232 in
1082 2181 1272 2233 robore
1310 2199 1490 2234 ramos

133 2255 315 2307 Altius
354 2255 431 2306 ire
473 2255 598 2306 suis,
661 2257 715 2306 et
751 2256 804 2306 te
844 2255 951 2306 iam
990 2254 1191 2306 fecerat
1228 2253 1308 2305 illi
1471 2250 1474 2253 ’

133 2328 287 2380 Mens
327 2329 642 2396 animusque
679 2330 911 2395 patrem,
950 2327 1175 2379 necdum
1214 2345 1459 2380 moresne
1498 2327 1744 2383 decorue:

133 2401 215 2454 Tu
252 2406 434 2454 tamen
471 2404 526 2453 et
561 2405 777 2452 truncas
818 2400 1160 2459 etiamnunc
1199 2419 1467 2453 murmure
1508 2420 1664 2454 uoces

255 2623 308 2663 78
342 2620 527 2675 raptum
559 2618 637 2662 sed
671 2623 699 2660 0
731 2633 757 2660 a
779 2620 794 2674 ΙΙ
817 2622 872 2661 83
900 2617 1051 2672 prima
1082 2622 1110 2659 C
1141 2632 1181 2670 a,
1214 2619 1391 2661 correxi
1420 2619 1435 2674 11
1466 2622 1523 2661 84
1554 2618 1730 2662 sancire
1762 2619 1902 2663 Hein-

131 2679 251 2722 sius:
297 2692 458 2722 sanare
505 2681 542 2719 A
582 2682 610 2719 c
659 2677 833 2720 sociare
876 2676 1007 2719 Dom.
1049 2678 1064 2732 ΙΙ
1103 2679 1158 2720 88
1202 2675 1405 2732 Elegisse
1452 2677 1514 2719 A*
1546 2682 1595 2720 c:
1640 2678 1702 2721 At
1738 2678 1902 2735 legisse

132 2737 264 2781 Dom.
290 2738 305 2793 ΙΙ
329 2742 384 2780 90
418 2736 602 2793 genitor
626 2736 816 2779 Markl.:
851 2735 1002 2778 senior
1027 2739 1054 2776 c
1079 2750 1105 2776 a
1128 2736 1143 2790 ΙΙ
1167 2739 1220 2777 91
1249 2735 1370 2778 claro
1395 2740 1436 2790 0,
1462 2749 1574 2780 corr.
1602 2752 1628 2777 a
1650 2737 1665 2791 ΙΙ
1690 2741 1744 2780 95
1769 2737 1902 2780 tolle-

137 2795 229 2842 bat.
243 2796 417 2839 Markl.
443 2797 459 2851 ΙΙ
482 2800 535 2839 97
555 2794 751 2838 fulmina
770 2794 942 2837 Markl,
969 2795 984 2849 ΙΙ
1009 2798 1062 2837 99
1088 2806 1254 2848 parens
1270 2797 1298 2837 ς
1311 2811 1320 2836 :
1345 2793 1490 2850 patris
1515 2799 1542 2835 c
1560 2809 1586 2836 a
1608 2796 1623 2850 ΙΙ
1649 2800 1732 2838 104
1753 2801 1902 2841 mutas

139 2855 233 2907 (uel
263 2855 462 2910 iunctas)
496 2854 636 2898 etiam
667 2867 788 2896 nunc
819 2865 1052 2895 murmure
1084 2856 1112 2893 c
1143 2867 1183 2907 a,
1227 2854 1412 2897 correxi.
1453 2855 1604 2897 motas
1635 2854 1775 2898 etiam
1802 2856 1901 2899 tum
