2028 3112
14 1491 22 1538 κ..-
14 1455 16 1459 -

697 240 984 288 EDITORIS
1013 242 1369 289 PRAEFATIO.
1842 257 1902 287 xv

134 364 246 419 fere
284 363 368 434 fit,
405 363 572 418 nimio
613 362 842 434 quodam
882 362 1064 415 omnia
1100 362 1418 416 defendendi
1456 361 1635 415 studio
1677 361 1900 430 abripie-

40 439 53 523 ἶ(
133 437 307 506 batur,
351 405 430 491 ita
479 437 591 490 eius
630 435 932 506 pedissequi
973 452 1131 504 saepe
1169 438 1281 488 tam
1320 453 1569 506 peruerse
1608 435 1901 488 lectionum

134 529 168 565 a
204 479 354 565 codd.
391 509 749 564 exhibitarum
788 509 1081 562 extiterunt
1118 510 1333 579 patroni
1372 511 1426 562 et
1460 500 1907 562 Marklandianae

134 583 337 638 scilicet
380 583 673 642 temeritati
727 582 1083 666 audaciaeque
1141 582 1357 636 obuiam
1404 582 1562 636 eundi
1609 581 1902 651 cupiditate

133 674 196 711 eo
235 657 507 741 progressi
547 659 675 711 sunt
710 659 771 709 ut
808 656 1089 725 primarias
1130 656 1261 708 artis
1301 656 1518 709 criticae
1556 655 1770 726 regulas
1808 654 1902 707 ha·

132 730 321 784 berent
357 731 574 799 insuper
611 732 666 782 et
704 727 959 797 Statium,
1005 728 1257 799 quicquid
1295 729 1352 782 in
1390 729 1611 783 buccam
1649 728 1903 796 uenisset,

134 803 411 873 scripsisse
466 820 647 857 secure
699 802 1031 855 affirmarent
1084 802 1321 872 satisque
1366 802 1476 855 fere
1523 802 1805 871 haberent,
1858 802 1903 855 si

41 913 45 920 -
132 876 397 931 uocabula
434 876 742 947 legerentur
778 875 961 929 latina.
1021 875 1161 930 hanc
1199 875 1587 945 interpretandi
1625 875 1903 943 rationem,

132 949 189 1003 in
227 967 333 1019 qua
371 949 528 1003 multi
564 949 723 1004 hodie
763 948 865 1002 sibi
903 949 1143 1018 placent,
1190 967 1310 1002 cum
1361 949 1608 1018 plurimis
1648 949 1903 1018 exemplis

131 1023 293 1077 liceat
329 1022 631 1093 inlustrare,
672 1022 777 1076 duo
817 1039 1077 1091 promam.
1117 1022 1235 1076 silu.
1260 1021 1311 1075 V
1336 1023 1387 1092 2,
1410 1022 1483 1075 54
1507 1039 1619 1092 sqq
1652 1022 1903 1092 legimus:

1066 1155 1361 1209 quantusque
1391 1153 1639 1197 nentem

397 1210 636 1257 Fluctibus
667 1210 869 1257 occiduis
900 1210 1112 1269 fessoque
1143 1211 1409 1269 Hyperione
1482 1211 1624 1256 bulen

397 1270 588 1316 Intrarit
617 1270 840 1316 mandata
869 1282 1047 1328 gerens.

132 1390 362 1446 habetur
398 1388 533 1444 illud
571 1388 897 1460 ‘negantem'
936 1390 993 1442 in
1032 1389 1179 1443 codd.
1220 1389 1483 1443 omnibus.
1536 1388 1678 1458 quod
1718 1394 1780 1442 ut
1817 1389 1903 1442 de·

133 1463 388 1532 fenderet‚
426 1462 687 1517 Imhofius
724 1463 781 1515 in
820 1462 1124 1531 scriptionis
1164 1463 1472 1516 scolasticae
1503 1461 1659 1515 Halis
1690 1479 1735 1516 a.
1764 1463 1902 1516 1867

32 1554 43 1594 -ζ
134 1537 306 1591 editae
345 1554 433 1607 pp.
473 1536 619 1590 2—4
663 1536 892 1590 adducta
938 1536 1300 1605 exemplorum
1339 1536 1481 1589 nube
1536 1535 1773 1589 ostendit
1826 1533 1905 1605 (id

27 1614 42 1661 ξ’·
77 1620 79 1625 “
135 1609 279 1680 quod
302 1626 461 1663 nemo
485 1610 543 1663 in
572 1610 745 1680 poetis
777 1609 959 1662 latinis
989 1610 1077 1662 uel
1109 1610 1284 1661 obiter
1306 1612 1551 1662 uersatus
1575 1608 1905 1680 ignorabat),

136 1682 353 1754 negare
378 1681 555 1736 alicui'
581 1682 879 1753 significare
913 1681 1108 1735 officia
1131 1683 1289 1735 alicui
1313 1681 1642 1735 detrectare'.
1695 1683 1905 1735 reiectis

30 1763 45 1826 [g
133 1756 300 1841 igitur
335 1754 561 1809 Auantii
598 1758 653 1808 et
684 1754 909 1809 Domitii
948 1755 1264 1808 commentis
1304 1754 1556 1826 (quorum
1594 1755 1684 1808 ille
1721 1756 1905 1808 rectis-

135 1829 270 1884 sime
309 1826 670 1900 nigrantem’,
716 1828 804 1881 hic
849 1846 1013 1898 praue
1060 1827 1376 1881 ‘natantem’
1415 1827 1740 1898 coniecerat)
1780 1829 1905 1881 reti-

49 1932 56 1940 ·
133 1902 365 1957 nendam
404 1902 538 1956 dixit
574 1902 834 1955 librorum
875 1901 1197 1970 scripturam
1242 1902 1631 1972 legendumque
1670 1902 1904 1955 remedio

133 1976 338 2031 scilicet
395 1975 597 2029 leniore
660 1974 972 2045 negantem
1026 1974 1304 2029 Fluctibus
1366 1975 1599 2029 occiduis
1658 1975 1906 2046 fessoque

133 2048 440 2119 Hyperioni
491 2047 742 2117 Thulen',
802 2066 1019 2101 securus
1072 2049 1164 2101 ille
1228 2049 1523 2102 sententiae
1578 2050 1738 2118 plane
1791 2067 1907 2118 per·

130 2140 345 2192 uersae3
381 2139 554 2193 neque
592 2122 733 2175 enim
771 2121 943 2175 Thule
975 2121 1210 2191 Phoebo,
1249 2122 1341 2175 sed
1380 2122 1466 2175 hic
1504 2125 1692 2192 utpote
1730 2123 1904 2176 fessus

54 2196 61 2265 j'
133 2196 316 2266 potius
352 2195 433 2249 illi
470 2196 701 2266 denegat
738 2195 929 2265 officia,
966 2195 1107 2249 unde
1146 2196 1345 2265 legitur
1374 2194 1456 2248 111
1492 2196 1543 2263 5,
1575 2197 1648 2249 20
1687 2195 1907 2265 ‘Hespe-

133 2269 245 2322 riae
289 2269 430 2323 uada
474 2269 766 2339 caligantia
812 2268 1031 2322 Thules'
1078 2272 1133 2322 et
1170 2268 1249 2322 IV
1286 2270 1338 2338 4,
1376 2269 1447 2322 62
1494 2268 1700 2339 ‘nigrae
1746 2270 1908 2323 litora

134 2341 370 2397 Thules'.
445 2342 595 2396 uides
643 2341 770 2412 quid
809 2341 981 2396 Statio
1027 2342 1322 2412 imputetur
1367 2343 1436 2395 ab
1483 2343 1560 2395 eis
1606 2343 1699 2413 qui
1738 2343 1906 2396 uerba

134 2415 471 2470 solummodo
519 2417 768 2485 spectant
817 2416 1012 2485 quique
1057 2434 1187 2469 num
1231 2416 1290 2469 in
1326 2416 1502 2469 locum
1542 2433 1605 2469 ea
1643 2415 1908 2485 quadrent

55 2534 57 2538 .
135 2489 294 2543 nauci
323 2489 537 2543 habent.
599 2489 798 2559 optime
830 2492 1023 2559 autem,
1060 2492 1123 2543 ut
1145 2490 1255 2543 i.-.n
1286 2489 1601 2559 significaui‚
1638 2489 1906 2542 Auantius

134 2562 268 2632 legit
299 2561 656 2633 ‘nigrantem’‚
694 2580 815 2615 cum
847 2563 1029 2615 omnia
1058 2563 1175 2617 luce
1207 2563 1473 2616 deficienti
1505 2563 1733 2616 obscura
1763 2567 1906 2616 recte

133 2635 381 2690 dicantur
419 2635 613 2707 ‘nigra'
651 2637 738 2689 uel
778 2635 1111 2706 ‘nigrantia'3
1148 2637 1309 2690 nimis
1349 2637 1493 2690 enim
1532 2637 1781 2705 suspicax
1817 2636 1906 2689 hic

28 2721 32 2736 '
135 2725 344 2778 quoque
395 2708 502 2763 fuit
553 2708 927 2779 MarklanduS‚
982 2728 1141 2779 quem
1192 2711 1342 2764 locus
1396 2710 1465 2763 ab
1519 2710 1639 2778 ipso
1694 2709 1905 2763 adlatus

134 2781 394 2835 Thebaid.
426 2780 453 2835 I
484 2782 592 2837 686
625 2782 740 2836 ‘aut
776 2783 993 2853 nigrum
1032 2784 1311 2837 occasibus
1352 2785 1445 2851 [=
1471 2784 1582 2836 sole
1608 2783 1904 2850 occidente]

132 2855 303 2908 intrat
340 2854 638 2910 Oceanum'
678 2856 900 2909 meliora
937 2857 1118 2926 potuit
1154 2857 1356 2911 docere.
1431 2859 1598 2909 restat
1634 2856 1802 2925 igitur
1845 2859 1908 2909 ut

133 2928 474 2983 emendemus
511 2947 562 2983 u.
611 2929 683 2983 55
737 2929 964 2982 initium.
1040 2948 1168 2984 nam
1215 2931 1306 2999 qui
1353 2930 1464 2983 sint
1511 2929 1771 2983 ‘occidui'
1824 2930 1906 2982 illi
