2014 3164
730 185 1042 232 SILUARUM
1071 185 1121 231 L.
1154 184 1211 242 V,
1242 189 1283 231 8.
1784 184 1885 236 141

126 308 210 362 Tu
249 307 404 378 deris,
441 305 699 376 crispine,
736 306 883 375 mihi,
922 322 1221 375 cuneosque
1259 322 1355 374 per
1392 322 1579 358 omnes

127 379 207 435 ΤΘ
245 398 394 435 meus
433 380 712 435 absentem
745 378 1212 448 circumspectabit
1247 377 1501 431 Achillea

128 451 232 508 Sed
270 453 454 508 uenies
493 453 682 507 melior
721 451 932 523 (uatum
969 469 1080 505 non
1118 452 1271 504 irrita
1310 455 1527 504 currunt

60 531 61 534 ’
127 525 370 599 Omina);
401 527 595 598 quique
628 526 833 596 aquilas
865 526 966 579 tibi
997 542 1141 579 nunc
1172 528 1226 577 et
1255 527 1431 577 castra
1461 523 1700 593 recludit,
1807 537 1890 578 165

125 598 274 654 Idem
313 618 499 655 omnes
537 600 768 670 perferre
807 599 1004 670 gradus
1044 598 1291 668 cingique
1330 598 1573 666 superbis

62 731 63 734 ,
123 672 385 728 Fascibus
425 676 479 728 et
516 674 720 743 patrias
760 673 911 726 dabit
948 671 1208 725 insedisse
1247 672 1471 724 curules.

127 745 232 801 Sed
270 747 388 818 quis
428 747 496 801 ab
536 746 760 800 excelsis
799 745 1062 799 Troianae
1101 744 1326 798 collibus
1367 745 1553 812 Albae,

125 819 282 876 Unde
320 821 445 875 suae
484 821 636 874 iuxta
671 822 981 888 prospectat
1018 819 1231 871 moenia
1269 817 1471 870 Romae

124 893 404 948 Proximus
441 893 534 947 ille
572 893 716 961 deus,
754 892 900 946 fama
937 891 1173 945 uelocior
1209 891 1379 944 intrat
1810 904 1892 943 170

125 965 360 1022 Nuntius
401 969 560 1037 atque
589 969 711 1020 tuos
743 965 947 1035 implet,
978 964 1238 1034 Crispine,
1269 963 1527 1034 penates?

125 1039 385 1095 Dicebam
423 1043 589 1095 certe:
626 1042 814 1094 uatum
851 1056 963 1092 non
1000 1038 1153 1092 irrita
1188 1042 1410 1091 currunt

58 1133 61 1138 ·
126 1114 384 1186 Auguria.
461 1114 549 1167 en!
589 1114 777 1182 ingens
817 1115 1021 1165 reserat
1056 1112 1159 1164 tibi
1197 1111 1359 1165 limen
1396 1110 1664 1165 honorum

127 1185 327 1242 Caesar
365 1190 420 1242 et
456 1187 687 1240 Ausonii
726 1186 1017 1239 committit
1055 1185 1239 1238 munia
1276 1185 1421 1237 ferri.

125 1260 292 1332 Uade,
329 1278 476 1331 puer,
513 1261 785 1329 tantisque
825 1259 1010 1312 enixus
1051 1258 1236 1311 suffice
1275 1258 1453 1327 donis,
1812 1271 1895 1310 175
1951 1286 1955 1290 ·

12 1338 14 1351 ⁸
61 1351 63 1354 ·
126 1334 292 1406 Felix,
329 1335 421 1406 qui
458 1350 656 1418 magno
696 1334 805 1386 iam
843 1349 986 1385 nunc
1026 1331 1126 1385 sub
1165 1330 1410 1401 praeside
1448 1331 1591 1385 iuras

62 1470 63 1474 Ἰ
127 1406 331 1479 Cuique
370 1425 520 1462 sacer
557 1424 788 1476 prlmum
825 1405 994 1459 tradit
1030 1404 1380 1459 Germanicus
1420 1405 1626 1457 ensem!

62 1487 63 1490 ’
128 1480 256 1537 Non
295 1481 473 1535 minus
511 1480 628 1549 hoc,
665 1479 797 1533 forti
837 1497 998 1549 quam
1038 1479 1084 1531 si
1122 1479 1222 1531 tibi
1261 1477 1522 1547 panderet
1559 1478 1674 1547 ipse

126 1554 458 1625 Bellipotens
499 1554 704 1624 aquilas
742 1556 1002 1622 toruaque
1040 1552 1314 1605 induceret
1351 1569 1445 1604 ora

128 1626 363 1684 Casside.
437 1627 575 1682 uade
614 1628 788 1680 alacer
818 1626 1127 1695 maioraque
1166 1624 1310 1678 disce
1341 1625 1555 1678 mereri!
1812 1638 1896 1678 180

968 1815 1063 1869 III.

536 1929 869 1994 ,EPICEDION
907 1930 972 1975 IN
1011 1930 1261 1975 PATREM
1301 1929 1482 1975 SUUM.

130 2038 254 2109 Ipse
292 2037 461 2091 malas
500 2037 640 2090 uires
681 2039 735 2089 et
770 2036 1118 2090 lamentabile
1157 2051 1373 2089 carmen

130 2112 321 2183 Elysio
361 2111 425 2164 de
463 2110 611 2164 fonte
649 2109 785 2162 mihi
823 2109 1142 2178 pulsumque
1182 2108 1433 2161 sinistrae

130 2185 230 2255 Da,
269 2184 482 2256 genitor
520 2182 785 2252 perdocte,
822 2183 986 2252 lyrae.
1060 2200 1232 2251 neque
1272 2182 1415 2235 enim
1455 2185 1613 2234 antra
1651 2198 1867 2234 mouere

130 2258 286 2313 Delia
315 2275 414 2311 nec
453 2257 668 2310 solitam
704 2256 789 2309 fas
829 2258 912 2308 est
948 2255 1223 2324 impellere
1264 2253 1528 2323 Cyn-ham

132 2332 209 2386 Te
248 2332 376 2386 sine.
452 2327 678 2399 Corycia
717 2328 968 2399 quicquid
1006 2328 1165 2382 modo
1203 2327 1453 2381 Phoebus
1492 2328 1551 2380 in
1589 2327 1794 2395 umbra,
1871 2341 1897 2381 5

133 2404 395 2475 Quicquid
426 2403 494 2457 ab
532 2402 774 2456 Ismariis
813 2402 1155 2455 monstrabat
1193 2402 1418 2455 collibus
1457 2399 1670 2469 Euhan,

253 2596 342 2638 162
381 2590 532 2660 deeris
570 2594 610 2634 Δ
648 2595 677 2633 0
715 2591 731 2647 ΙΙ
770 2595 856 2635 166
895 2603 1070 2647 perque
1105 2590 1174 2634 ire
1205 2590 1375 2647 gradus
1405 2590 1652 2641 Hem-sium
1689 2589 1793 2642 fort.
1826 2603 1897 2654 su·

134 2663 296 2710 perare
335 2651 343 2707 Ι
385 2663 599 2707 clugique
637 2653 695 2694 A:
736 2651 975 2706 cmg1tque
1014 2652 1043 2691 0
1090 2650 1107 2706 ΙΙ
1153 2654 1237 2694 168
1278 2648 1328 2693 Si
1365 2650 1469 2705 quis
1500 2653 1530 2690 0
1561 2663 1590 2690 a
1625 2649 1643 2703 fl
1682 2651 1767 2713 179
1799 2646 1898 2691 deis

135 2710 202 2755 ed.
243 2709 400 2754 Parm.
435 2709 443 2765 Ι
477 2712 562 2753 175
601 2707 732 2753 Uade
770 2711 828 2752 A:
870 2707 1003 2752 Unde
1041 2711 1070 2749 0
1107 2709 1124 2764 ΙΙ
1164 2713 1248 2752 178
1279 2707 1390 2752 forti
1419 2707 1607 2762 scripsi:
1644 2705 1779 2749 fort1s
1811 2709 1840 2747 0
1872 2720 1899 2748 a

63 2807 65 2810 ⁴
137 2767 272 2814 sortis
288 2767 512 2814 Heinsius
532 2767 622 2812 hoc
645 2766 794 2822 fortis,
818 2779 958 2823 quam
976 2766 1148 2819 Markl-
1172 2767 1188 2824 ΙΙ
1212 2771 1298 2811 180
1323 2766 1510 2811 Casside
1529 2769 1558 2810 ς
1576 2780 1622 2807 a:
1655 2763 1845 2808 Cassida
1869 2768 1898 2805 0

251 2826 330 2872 111.
383 2831 411 2871 3
473 2825 660 2871 redocte
693 2829 722 2867 0
753 2840 794 2879 a,
831 2838 945 2869 corr.
978 2828 1007 2869 ς
1042 2859 1051 2870 .
1083 2826 1319 2882 praeclare
1352 2825 1526 2870 Markl.
1554 2825 1560 2878 Ι
1587 2823 1766 2868 moueri
1796 2827 1825 2864 0
1857 2837 1897 2877 a,

135 2896 248 2932 corr.
282 2886 402 2942 ςΙΙδ
475 2898 500 2930 e
531 2883 630 2929 sine
662 2888 712 2927 c:
744 2884 915 2928 Desine
948 2887 977 2928 ς
1010 2898 1038 2926 a
