2028 3112
124 225 200 253 xvr
672 208 952 253 EDITORIS
983 209 1341 256 PRAEFATIO.

126 327 372 395 ‘fluctus',
409 345 565 380 nemo
601 327 771 379 adhuc
803 328 1049 396 exposuit
1079 331 1389 396 exponetue.
1435 331 1684 398 rescripsi
1717 330 1888 384 ‘Luci-

123 401 223 453 bus
263 399 532 469 occiduis',
581 400 722 468 quod
773 418 892 452 cum
937 401 1029 453 illo
1078 400 1342 470 ‘fessoque
1381 401 1714 470 Hyperione'
1763 423 1884 457 con-

122 473 361 526 iunctum
418 476 499 525 est
549 491 644 541 per
696 473 922 542 figuram
977 491 1136 542 quam
1181 477 1377 527 uocant
1429 475 1490 527 ἓν
1545 472 1639 531 ,διὰ
1695 476 1889 540 ὃυοῖυ;

124 547 369 611 similiter
423 546 590 598 habes
629 544 682 597 Π
722 546 770 614 2,
808 547 881 599 45
935 546 1084 599 ‘haec
1138 546 1325 600 domus
1379 551 1520 601 ortus
1567 547 1780 616 Aspicit
1833 554 1888 602 et

122 619 312 672 Phoebi
349 623 572 671 tenerum
608 618 793 672 iubar'.

269 692 515 744 Alterum
579 691 642 744 de
705 709 808 760 quo
873 693 1147 745 locuturus
1211 711 1328 745 sum
1384 694 1685 763 exemplum
1740 698 1889 748 extat

122 765 237 818 silu,
274 763 356 817 III
395 764 445 834 5,
483 765 569 834 60,
606 765 697 817 ubi
733 765 992 833 praebent
1031 764 1207 818 codd.:

399 879 461 923 Et
492 892 612 922 nunc
643 879 727 923 illa
757 881 886 923 tenet
916 879 1056 924 uiduo
1089 880 1213 937 quod
1246 880 1345 926 sola,
1375 881 1530 925 cubili.

120 983 221 1037 hoc
261 1001 379 1036 cum
420 984 712 1036 anteriores
752 986 1051 1036 mutassent
1087 984 1144 1036 in
1185 983 1422 1037 ‘uiduum
1445 1015 1518 1022 —
1542 985 1751 1050 cubile',
1789 1004 1887 1039 nu·

119 1057 348 1125 perrime
387 1056 528 1109 idem
559 1056 814 1109 Imhofius
845 1056 1207 1125 reponendum
1240 1058 1336 1125 ait3
1375 1057 1528 1110 illum
1562 1059 1703 1111 enim
1734 1059 1887 1112 uerbi

122 1129 356 1182 ‘tenere'
406 1148 562 1182 usum
611 1130 898 1197 repetitum
945 1147 1061 1182 esse
1102 1147 1164 1182 ex
1201 1147 1259 1182 re
1298 1131 1536 1183 militari.
1613 1131 1704 1183 sed
1745 1133 1886 1200 quod

121 1205 244 1255 aute
284 1203 465 1255 omnia
503 1203 713 1255 ostendi
760 1203 963 1269 debuit,
1008 1203 1331 1256 translatum
1382 1221 1496 1257 esse
1542 1204 1683 1257 hune
1732 1223 1885 1258 usum

121 1276 186 1328 ad
225 1293 309 1328 res
350 1276 661 1344 amatoriae,
704 1294 813 1328 non
862 1276 1095 1328 ostendit
1134 1294 1197 1328 ex
1236 1294 1394 1329 causa
1431 1277 1726 1345 perspicua.
1787 1297 1886 1332 nec
1992 1311 1996 1314 ·

120 1349 260 1401 enim
293 1349 431 1400 ullus
472 1349 700 1416 scriptor
737 1347 1010 1401 Romanus
1040 1352 1152 1401 tam
1182 1349 1399 1417 ineptus
1430 1350 1534 1402 fuit
1562 1353 1624 1401 ut
1653 1351 1887 1418 puellam

118 1422 175 1474 in
215 1422 376 1474 cubili
413 1421 675 1474 iacentem
714 1424 1045 1489 compararet
1083 1439 1203 1474 cum
1242 1422 1475 1475 exercitu
1514 1424 1772 1476 castrisue
1810 1425 1887 1477 lo—

119 1513 239 1547 cum
289 1495 523 1562 aliquem
567 1494 890 1547 tenentibus.
957 1494 1106 1547 nullo
1146 1497 1325 1547 autem
1363 1495 1522 1548 modo
1561 1496 1749 1564 claret,
1795 1515 1890 1550 cur

122 1566 329 1620 Statius
369 1567 471 1620 hoc
510 1566 723 1636 quidem
762 1568 878 1620 loco
917 1568 1199 1620 recesserit
1237 1586 1270 1620 a
1307 1571 1561 1622 consueto
1600 1570 1772 1637 poetis
1811 1571 1886 1622 la-

117 1631 248 1694 tinis
288 1640 497 1693 dicendi
543 1659 645 1692 usu
692 1639 1017 1708 dederitque:
1074 1640 1154 1693 et
1205 1658 1348 1694 nunc
1400 1641 1494 1694 illa
1548 1645 1674 1709 tepet
1723 1643 1885 1697 uiduo

119 1713 259 1781 quod
299 1714 414 1766 sola
453 1712 656 1782 cubili'3
696 1713 760 1764 cf.
795 1710 986 1765 Catull.
1018 1713 1103 1781 68,
1142 1714 1212 1766 29
1247 1713 1461 1782 ‘frigida
1499 1714 1708 1768 deserto
1740 1719 1885 1785 tepe-

117 1786 289 1840 factet
326 1786 567 1838 membra
605 1784 802 1854 eubili',
840 1786 1033 1838 Tibull.
1071 1785 1098 1838 I
1138 1787 1186 1854 8,
1225 1786 1312 1854 39,
1349 1785 1589 1855 Propert.
1628 1787 1707 1841 IV
1749 1789 1795 1858 7,
1836 1790 1888 1858 6,

119 1858 270 1912 Ouid.
312 1877 412 1911 am.
450 1858 532 1911 III
572 1858 620 1922 5,
658 1859 730 1910 42
770 1858 979 1927 aliaque
1016 1858 1119 1912 hoc
1157 1876 1326 1929 genus
1364 1860 1548 1914 multa.

266 1930 369 1985 Sed
414 1950 534 1984 cum
570 1931 715 1984 haud
759 1950 928 1999 pauca
967 1932 1239 1999 supersint
1277 1934 1517 2001 exempla
1563 1933 1631 1986 ad
1669 1934 1883 1988 demon-

120 2005 394 2058 strandam
447 2005 904 2073 interpretationis
949 2005 1105 2058 hodie
1161 2024 1193 2057 a
1245 2007 1517 2059 nonnullis
1565 2008 1887 2061 exercitatae

116 2078 527 2147 peruersitatem
570 2078 705 2147 (alia
741 2078 1001 2131 nonnulla
1045 2078 1286 2131 dedimus
1331 2079 1388 2131 in
1418 2098 1551 2132 mus.
1582 2080 1752 2134 Rhen.
1785 2081 1819 2132 1.
1850 2083 1884 2134 1.

117 2170 204 2220 pp.
236 2149 569 2220 256—258>,
600 2151 777 2219 placet
822 2151 1002 2219 potius
1048 2151 1104 2203 in
1153 2152 1460 2205 uniuersum
1510 2154 1739 2221 paucula
1778 2154 1884 2206 dis-

117 2228 304 2292 putare
344 2224 408 2276 de
447 2223 623 2293 poesis
664 2222 940 2277 Statianae
978 2224 1156 2277 indole
1195 2228 1356 2294 atque
1394 2228 1603 2279 natura.

267 2296 472 2350 Statius
514 2296 656 2366 quod
693 2297 807 2365 ipse
840 2315 958 2350 eam
982 2315 1086 2366 qua
1111 2298 1324 2368 singula
1348 2298 1605 2351 siluarum
1630 2302 1885 2368 opuscula

116 2370 355 2439 profudit
403 2370 729 2422 celeritatem
773 2373 888 2422 tam
939 2388 1097 2439 saepe
1134 2373 1351 2440 tamque
1390 2373 1616 2425 uerbose
1657 2391 1883 2426 comme-

117 2446 306 2511 morat,
345 2446 548 2496 certum
587 2443 825 2511 sequitur
862 2444 1156 2496 consilium.
1217 2462 1336 2497 cum
1369 2445 1509 2496 enim
1539 2463 1649 2498 non
1681 2450 1885 2499 careret

116 2517 382 2569 maliuolis
430 2516 732 2584 inuidisque
779 2517 1250 2586 obtrectatoribus,
1301 2536 1332 2570 a
1382 2518 1576 2587 quibus
1630 2519 1884 2587 carpendi

116 2590 396 2642 materiam
436 2607 499 2641 ex
536 2589 731 2641 libellis
770 2589 878 2642 illis
915 2590 1073 2643 facile
1110 2590 1223 2659 peti
1250 2608 1418 2659 *posse
1457 2591 1742 2661 praeuidit,
1789 2592 1883 2645 ho-

115 2681 232 2715 rum
290 2662 723 2715 cauillationibus
778 2663 994 2715 obuiam
1047 2663 1123 2716 ire
1179 2663 1384 2716 studuit
1433 2665 1724 2717 celeritatis
1778 2666 1884 2718 ista

117 2735 452 2789 confessione
491 2736 768 2788 itentidem
807 2738 1049 2804 repetita.
1116 2754 1288 2805 neque
1327 2737 1469 2789 enim
1508 2738 1728 2806 ignarus
1768 2742 1883 2791 erat

116 2827 299 2862 eorum
351 2827 486 2878 quae
548 2809 606 2861 in
659 2809 811 2878 poesi
866 2827 963 2862 sua
1015 2810 1188 2862 iustae
1242 2809 1644 2878 reprehensioni
1705 2814 1884 2864 essent

115 2882 364 2935 obnoxia.
448 2883 860 2950 extemporalem
907 2883 1183 2935 audaciam
1228 2881 1458 2936 Romani
1510 2884 1882 2938 tantummodo
