2014 3164
707 183 1019 231 SILUARUM
1050 183 1100 228 L.
1132 183 1167 240 Ι,
1198 188 1240 272 3ί
1787 181 1859 234 23

101 305 237 369 Quid
276 306 503 359 referam
541 305 772 359 alternas
811 304 1024 375 gemino
1065 320 1225 372 super
1262 318 1458 372 aggere
1495 319 1712 355 mensas

101 378 462 450 Albentesque
501 378 650 432 lacus
688 378 933 447 altosque
974 377 1032 430 in
1069 376 1281 446 gurgite
1319 374 1534 430 fontes?
1803 387 1859 427 65

61 513 63 517 ,
102 451 295 523 Teque,
333 470 427 522 per
465 451 741 522 obliquum
780 451 988 520 penitus
1027 468 1164 519 quae
1202 449 1399 502 laberis
1438 466 1675 515 amnem,

100 524 315 594 Marcia,
355 529 409 579 et
446 525 632 578 audaci
669 524 987 578 transcurris
1026 522 1247 576 flumina
1283 522 1522 591 plumbo,

50 630 52 635 >
101 597 181 651 Ne
220 599 392 652 solum
429 597 596 653 Ioniis
635 598 734 651 sub
773 597 1019 650 fluctibus
1058 596 1231 650 Elidis
1269 613 1482 648 amnem

101 669 285 726 Dulcis
324 671 390 725 ad
430 671 698 725 Aetnaeos
739 671 964 724 deducat
1001 671 1195 723 semita
1231 669 1455 738 portus?

101 745 216 799 Illis
254 746 368 815 ipse
407 745 576 798 antris
616 745 856 797 Auienus
893 744 1045 797 fonte
1084 743 1272 796 relicto
1804 754 1861 796 ‘10

100 817 269 881 Nocte
309 818 408 872 sub
447 835 642 871 arcana
681 817 904 887 glaucos
943 819 1131 870 exutus
1169 816 1396 869 amictus

101 890 218 946 Huc
257 891 386 945 illuc
423 891 601 962 fragili
640 891 930 960 prosternit
968 893 1186 960 pectora
1223 907 1423 957 musc0,

99 965 210 1019 Aut
245 965 438 1036 ingens
476 965 535 1018 in
566 968 762 1035 stagna
798 964 941 1018 cadit
977 964 1280 1032 uitreasque
1317 964 1505 1016 natatu

99 1037 313 1093 Plaudit
350 1056 531 1109 aquaS.
605 1038 703 1091 illa
740 1038 958 1092 recubet
997 1036 1281 1091 Tiberinus
1319 1041 1375 1089 in
1416 1037 1619 1105 umbra,

99 1111 214 1166 Illic
253 1112 569 1182 sulphureos
609 1112 756 1181 cupit
793 1111 994 1164 Albula
1031 1127 1271 1181 mergere
1310 1110 1499 1171 crinea
1806 1122 1860 1162 75

101 1185 246 1240 Haec
284 1186 473 1240 domus
512 1185 715 1255 Egeria
751 1185 1077 1238 nemoralem
1117 1185 1406 1253 abiungere
1446 1182 1702 1237 Phoeben

47 1302 52 1330 5
100 1258 174 1312 Et
210 1258 489 1329 Dryadum
527 1259 747 1312 uiduare
786 1258 962 1311 choris
1002 1258 1240 1327 algentia
1278 1257 1451 1326 possit

22 1329 48 1403 {2²²
101 1331 346 1405 Taygeta
383 1337 437 1386 et
473 1333 624 1386 siluis
665 1349 934 1386 accersere
974 1331 1121 1384 Pana
1159 1330 1397 1399 Lycaeis,

38 1458 47 1473 1,
101 1405 253 1468 Quod
290 1409 347 1459 ni
385 1406 587 1475 templa
624 1406 816 1459 darent
854 1406 986 1458 alias
1025 1404 1315 1474 Tirynthia
1337 1406 1523 1472 sortes,

24 1495 49 1549 ἱζ,
86 1478 174 1532 'Et
211 1479 588 1533 Praenestinae
626 1482 881 1548 poterant
918 1480 1149 1548 migrare
1188 1495 1414 1531 sorores.
1804 1490 1862 1531 8ο

23 1542 52 1622 333
100 1553 237 1617 Quid
275 1554 448 1606 bifera
486 1553 699 1606 Alcinoi
738 1553 949 1605 laudem
987 1552 1230 1621 pomaria
1268 1569 1490 1621 uosque,

25 1623 49 1697 f*
100 1626 202 1690 Qui
238 1644 528 1697 numquam
566 1627 721 1680 uacui
759 1626 1010 1695 prodistis
1049 1626 1106 1678 in
1145 1624 1385 1692 aethera,
1423 1624 1598 1677 rami?

100 1698 306 1754 Cedant
345 1699 618 1770 Telegoni,
657 1699 850 1753 cedant
887 1698 1177 1751 Laurentia
1214 1697 1384 1751 Turni

25 1789 52 1843 s
97 1773 290 1844 Iugera
327 1773 695 1842 Lucrinaeque
735 1772 923 1825 domus
962 1773 1193 1841 litusque
1232 1771 1440 1824 cruenti

26 1834 57 1925 ¹53³.
97 1846 446 1917 Antiphatae3
486 1845 680 1899 cedant
717 1846 919 1898 uitreae
958 1846 1085 1915 iuga
1122 1845 1325 1915 perfida
1356 1842 1536 1898 Circes
1804 1857 1860 1898 85

14 1927 39 1987 «J
98 1919 361 1974 Dulichiis
399 1920 608 1973 ululata
644 1920 784 1988 lupis
824 1937 1075 1989 arcesque
1116 1919 1375 1989 superbae

97 1993 331 2047 Anxuris
370 1996 426 2047 et
463 1994 630 2062 sedes,
669 1992 907 2063 Phrygio
947 2010 1080 2062 quas
1119 1993 1267 2046 mitis
1307 1992 1521 2046 alumno

30 2087 61 2122 ζ’
96 2067 274 2122 Debet
309 2085 470 2136 anus3
510 2067 719 2134 cedant,
757 2085 891 2136 quae
929 2070 982 2119 te
1021 2067 1131 2119 iam
1169 2066 1371 2119 solibus
1412 2066 1542 2118 artis

29 2145 59 2234 {5
97 2142 265 2195 Antia
301 2140 549 2194 nimbosa
587 2140 916 2193 reuocabunt
948 2141 1108 2193 litora
1147 2140 1351 2192 bruma.

32 2207 39 2226 ⁵
99 2213 313 2269 Scilicet
349 2214 437 2268 hic
473 2214 557 2267 illi
594 2213 943 2266 moderantur
980 2213 1219 2283 pondera
1251 2230 1450 2282 mores3
1805 2226 1862 2266 90

214 2424 274 2464 64
302 2418 480 2464 alterno
511 2417 720 2475 geminas
753 2417 927 2462 Markl.
951 2418 967 2474 ΙΙ
990 2419 1046 2460 65
1077 2416 1284 2474 aliosque
1314 2417 1594 2461 Bernartius
1615 2418 1633 2473 ΙΙ
1656 2422 1710 2461 67
1742 2416 1860 2460 Mar-

45 2494 58 2518 ξ
96 2478 167 2523 tia
196 2482 225 2522 0
257 2478 328 2534 (de
364 2480 404 2520 A
431 2489 526 2521 non
564 2478 657 2534 qu.)
687 2478 702 2534 ΙΙ
734 2482 789 2521 68
820 2490 881 2533 sq.
914 2475 986 2520 Ne
1021 2500 1070 2506 -·
1106 2476 1306 2521 deducat
1346 2476 1665 2531 ll'akefteldus:
1702 2476 1774 2519 An
1807 2502 1861 2507 —

97 2536 298 2583 deducat
319 2540 392 2580 ca
420 2535 495 2580 An
513 2561 568 2568 -
587 2535 775 2580 deducit
804 2536 899 2580 edd.
924 2537 940 2591 ΙΙ
963 2536 1123 2580 etneos
1153 2538 1212 2579 A:
1247 2534 1439 2580 ethneos
1470 2537 1538 2591 011
1563 2540 1618 2579 70
1650 2535 1861 2579 anienem

54 2630 57 2637 .
97 2600 126 2638 0
157 2594 319 2641 aniene
356 2594 405 2639 in
443 2608 472 2638 a
507 2595 524 2652 ΙΙ
554 2599 616 2640 ’71
657 2594 859 2639 archana
897 2609 947 2638 a:
979 2594 1218 2649 arc(h)ano
1250 2597 1288 2636 A
1319 2598 1347 2636 0
1385 2596 1402 2651 ΙΙ
1440 2599 1495 2638 74
1529 2593 1773 2638 Tiberinus
1803 2596 1861 2637 A:

46 2696 57 2716 u
96 2654 310 2699 tiburnus
341 2657 370 2696 0
403 2655 410 2709 Ι
442 2653 636 2698 recubat
666 2657 695 2696 0
726 2668 766 2708 a,
799 2654 977 2697 correxi
1008 2655 1024 2710 ΙΙ
1049 2658 1103 2698 76
1135 2653 1329 2709 Egeriae
1362 2657 1391 2695 0
1422 2668 1463 2707 a,
1495 2666 1609 2697 corr.
1642 2652 1863 2696 Handius

100 2713 110 2782 l
141 2712 391 2770 abiungere
421 2715 479 2756 A:
511 2711 761 2769 adiungere
802 2715 830 2753 0
854 2713 869 2768 ΙΙ
900 2714 955 2755 89
988 2712 1130 2756 Antia
1171 2712 1368 2756 Markl.:
1399 2712 1521 2756 Auia
1551 2716 1580 2754 0
1612 2726 1639 2753 a
1660 2713 1675 2767 ΙΙ
1699 2716 1756 2754 90
1786 2710 1862 2755 hic

0 2804 1 2811 κ
48 2787 62 2834 2,
95 2772 168 2816 illi
190 2771 476 2816 meditantur
503 2770 710 2828 pondera
740 2775 769 2814 0
800 2785 846 2824 a,
887 2771 962 2814 hic
993 2769 1131 2815 hilari
1162 2769 1413 2814 miscentur
1443 2770 1646 2828 pondere
1672 2770 1861 2826 Markl.,

22 2850 57 2885 χι
96 2829 373 2934 ffiaedhuam
404 2828 702 2875 moderantur
739 2830 946 2887 pondera
975 2829 1277 2874 Burmannus
1313 2829 1391 2874 hic
1428 2829 1547 2873 nulli
1577 2828 1863 2873 meditantur

44 2906 65 2954 ξ
214 2901 368 2947 unques
