2014 3164
148 230 220 283 60
764 230 815 275 P.
846 229 1074 275 PAPINII
1105 230 1306 275 STATII

148 347 385 403 Soluisti.
462 349 608 402 subit
643 348 733 401 ille
771 348 890 416 pios
931 349 1204 419 carpitque
1242 349 1475 418 quietem

145 421 393 490 Elysiam
431 439 688 490 carosque
725 421 836 474 illic
873 422 1101 475 fortasse
1139 424 1386 490 parentes

143 492 383 564 Inuenit3
426 497 518 547 aut
555 494 634 546 illi
672 512 768 563 per
806 512 1032 548 amoena
1062 495 1278 548 silentia
1314 493 1511 547 Lethes
1822 506 1907 548 100

144 567 350 620 Forsan
388 566 685 619 Auernales
725 567 985 620 adludunt
1014 568 1247 636 undique
1284 568 1483 620 mixtae

145 639 363 708 Naides,
401 639 724 709 obliquoque
761 643 916 693 notat
953 640 1279 709 Proserpina
1315 640 1483 692 uultu,

143 712 305 781 Pone,
342 730 547 782 precor,
585 715 826 783 questus3
867 714 1031 766 alium
1067 713 1170 766 tibi
1205 713 1322 766 fata
1358 713 1622 780 Phileton,

144 784 350 838 Forsan
387 789 440 837 et
475 785 591 854 ipse
631 786 781 839 dabit
817 804 1096 855 moresque
1133 786 1456 854 habitusque
1495 785 1715 838 decoros

145 858 475 912 Monstrabit
512 859 750 928 gaudens
790 859 1121 928 similemque
1160 860 1370 913 docebit
1409 875 1659 912 amorem.
1826 871 1908 912 105

970 1076 1093 1131 VII.

454 1190 934 1238 GENETHLIAOON
963 1191 1190 1237 LUCANI
1219 1192 1302 1237 AD
1333 1191 1591 1237 POLLAM.

407 1293 612 1348 Lucani
649 1295 927 1364 proprium
966 1295 1106 1348 diem
1143 1295 1460 1365 frequentet,

410 1366 665 1438 Quisquis
704 1369 927 1422 collibus
966 1368 1222 1421 Isthmiae
1258 1368 1460 1422 Diones

409 1441 584 1494 Docto
623 1445 842 1510 pectora
880 1442 1179 1495 concitatus
1219 1445 1413 1510 oestro,

408 1513 697 1567 Pendentis
735 1515 876 1568 bibit
914 1515 1144 1584 ungulae
1182 1515 1460 1585 liquorem.

407 1587 538 1656 Ipsi,
577 1606 710 1656 quos
749 1606 912 1656 penes
954 1591 1037 1641 est
1073 1588 1247 1641 honor
1286 1588 1527 1658 canendi,
1882 1604 1908 1645 5

408 1659 630 1713 Uocalis
670 1661 906 1714 citharae
943 1664 1186 1730 repertor
1223 1661 1408 1730 ArcaS,

409 1733 483 1786 Et
519 1737 580 1786 tu
618 1733 965 1786 Bassaridum
1003 1737 1213 1787 rotator
1250 1733 1461 1804 Euhan,

408 1805 483 1859 Et
519 1806 699 1859 Paean
739 1810 792 1859 et
829 1806 1100 1875 Hyantiae
1141 1824 1350 1860 sorores

410 1878 606 1931 Laetae
644 1897 939 1948 purpureas
977 1882 1176 1932 nouate
1213 1880 1395 1949 uittaS,

410 1950 625 2004 Orinem
664 1953 874 2021 comite,
911 1952 1292 2022 candidamque
1332 1957 1538 2007 uestem
1857 1969 1911 2009 10

407 2024 741 2078 Perfundant
776 2025 1002 2078 hederae
1041 2026 1379 2081 recentiores,

408 2096 569 2151 Docti
608 2099 812 2168 largius
851 2101 1145 2168 euagentur
1183 2117 1379 2168 amnes,

409 2169 484 2222 Et
521 2171 643 2239 plus
682 2171 889 2224 Aoniae
926 2173 1094 2224 uirete
1134 2172 1315 2241 siluae,

262 2392 318 2433 98
350 2387 593 2444 carpitque
623 2392 661 2431 Δ
692 2393 741 2433 c:
773 2389 1039 2445 carpsitque
1071 2393 1101 2434 ς
1124 2391 1220 2446 1199
1251 2388 1492 2445 clarosque
1516 2394 1545 2432 0
1575 2405 1603 2433 a
1624 2392 1640 2448 fl
1666 2395 1749 2436 104
1778 2391 1908 2437 habi-

143 2448 312 2502 tusque
346 2446 546 2490 Markl.:
577 2446 791 2491 habiture
822 2447 893 2490 A*
923 2452 952 2490 0
983 2448 1290 2504 habitumque
1319 2448 1452 2492 Dom.
1477 2449 1494 2505 ΙΙ
1518 2452 1601 2493 105
1633 2463 1837 2494 amorem
1861 2465 1908 2495 a:

145 2504 293 2549 amori
322 2503 393 2547 A*
424 2509 453 2547 0
485 2505 633 2548 amari
661 2505 795 2551 Dom.
1521 2558 1531 2563 „

261 2562 362 2608 VII.
416 2562 650 2608 Lectiones
688 2565 854 2610 codicis
891 2565 1201 2610 Laurentiani
1230 2564 1351 2620 plut.
1383 2568 1463 2619 29,
1494 2568 1558 2611 32
1589 2578 1702 2609 saec.
1737 2565 1800 2621 X,
1831 2567 1912 2622 qui

143 2622 222 2677 fol.
254 2625 345 2667 ,29ει
380 2647 435 2653 -
469 2625 554 2667 30⁸
588 2623 670 2667 hoc
700 2637 880 2667 carmen
908 2624 1053 2677 habet,
1091 2628 1124 2666 L
1157 2624 1276 2680 siyla
1304 2624 1482 2668 notabo.
1546 2621 1598 2667 Gr.
1631 2624 1682 2667 L.
1714 2624 1773 2668 ad.
1803 2624 1910 2668 Pol-

143 2681 238 2725 lam
283 2683 341 2724 A:
389 2680 442 2725 G.
489 2680 542 2726 L.
589 2681 650 2725 ad
697 2681 897 2738 Oppiam
942 2686 970 2724 0
1011 2687 1043 2725 L
1081 2684 1196 2726 miro
1238 2694 1468 2736 consensu,
1514 2686 1568 2726 ut
1612 2696 1711 2726 eum
1756 2684 1836 2739 qui
1881 2687 1910 2725 0

143 2739 358 2783 emarauit
386 2740 538 2795 ipsum
566 2743 600 2782 L
630 2740 683 2784 in
712 2741 793 2785 hoc
823 2742 1022 2785 carmine
1053 2741 1310 2786 adhibuisse
1341 2741 1540 2785 conicias
1562 2741 1577 2797 ΙΙ
1601 2745 1626 2784 3
1653 2741 1910 2785 concitatus

143 2801 200 2841 A:
235 2797 488 2842 concitauit
518 2802 547 2840 0
577 2802 610 2841 L
648 2799 664 2855 ΙΙ
702 2803 728 2843 6
760 2799 923 2844 archas
953 2804 985 2842 L
1017 2814 1045 2842 a
1088 2801 1105 2857 11
1145 2805 1168 2844 7
1201 2812 1320 2844 euan
1347 2804 1380 2841 L
1403 2800 1420 2856 ΙΙ
1450 2805 1476 2844 8
1500 2799 1732 2856 Hyantiae
1754 2799 1910 2844 Doni..-

145 2856 361 2958 euantila'ie
392 2860 490 2959 {lc
520 2861 553 2899 L
591 2857 607 2914 ΙΙ
645 2861 672 2902 9
711 2857 906 2916 Laetae]
945 2860 1023 2903 tae
1060 2863 1094 2901 L
1124 2859 1177 2903 in
1205 2857 1342 2902 initio
1373 2859 1518 2903 lineae
1554 2859 1570 2915 ΙΙ
1609 2863 1663 2902 11
1695 2858 1910 2902 Praecin-

143 2917 257 2971 gant
350 2928 404 2959 ar
452 2948 462 2958 .
