1994 3112
165 125 213 154 v1
719 110 1002 155 EDITORIS
1031 111 1392 157 PRAEFATIO.

165 246 282 281 rum
326 230 461 296 quod
495 246 555 281 ex
595 227 776 282 Gallia
785 226 840 297 ²⁸)
879 228 1100 297 Poyyius
1139 228 1345 283 Gallica
1387 231 1634 297 scripium
1670 248 1830 285 mauu
1867 235 1926 286 iu

165 301 382 354 Italiam
431 301 686 354 attulerat.
762 301 816 354 A
860 319 957 369 quo
1000 303 1231 356 uidelicet
1270 319 1373 355 uuo
1420 304 1531 356 lieet
1573 306 1806 357 mendoso
1844 307 1924 357 de-

157 379 475 441 prauatoque
518 378 565 426 et
607 373 691 441 (ut
725 375 974 443 arbitror)
1019 377 1172 428 etiam
1209 376 1476 428 dimidiato
1528 377 1713 443 reliqui
1758 394 1926 431 omues

165 448 349 501 codices
386 448 477 514 qui
512 451 635 499 surii
669 448 728 500 iu
763 448 1001 501 manibus
1030 453 1324 501 manarunt.
1388 447 1556 513 Quare
1592 450 1759 502 cautio
1796 451 1926 502 mihi

160 520 269 586 fuit
303 537 366 573 ue
402 521 527 587 quid
560 520 619 572 iu
654 521 942 588 eorriyerido
978 520 1068 574 hoe
1103 525 1274 574 nostro
1312 521 1376 573 ab
1413 521 1502 574 illo
1524 527 1790 575 mittarem.
1845 523 1927 575 Ne

163 593 330 645 nimia
374 598 435 645 ut
477 593 668 646 adsolet
711 595 992 661 diliyeutia'
1022 598 1115 647 aut
1156 593 1285 646 mihi
1331 598 1425 646 aut
1468 596 1641 647 ceteris
1684 596 1927 649 studiosis

164 670 371 719 noceret.
451 665 608 731 Quem
644 668 692 719 si
728 668 934 720 modum
973 671 1193 720 tenerent
1227 668 1375 719 ceteri
1414 667 1659 720 librorum
1697 669 1925 721 emenda-

166 743 293 792 tores
331 740 698 806 teuuisseutque
734 741 957 807 priores,
1009 741 1183 793 miuus
1219 740 1379 792 multo
1420 740 1609 793 laboris
1646 741 1704 793 iri
1741 740 1836 794 kae
1871 758 1927 795 re

164 828 321 878 quam
363 828 501 864 riuue
544 812 783 866 habemus
827 813 1131 865 haberemus
1218 811 1343 866 Uale
1387 814 1478 879 qui
1524 813 1658 881 leuis,
1704 818 1751 865 et
1794 816 1930 880 quod

163 885 330 938 sedulo
366 885 578 951 fecimus
614 902 766 958 queso
796 885 914 939 boui
935 885 1146 939 consule.
1203 885 1346 938 Tuus
1368 886 1596 953 Auyelus
1618 885 1926 940 Politianus,

311 957 441 1010 Post
477 957 805 1011 Politianum
845 977 964 1011 cum
1002 976 1159 1010 nemo
1200 957 1603 1027 Sangallensem
1643 960 1808 1011 oculis
1847 961 1926 1012 ui-

165 1030 329 1099 derit,
374 1031 531 1083 huius
576 1032 835 1084 memoria
880 1034 1026 1083 certa
1068 1031 1178 1083 fere
1226 1032 1398 1084 omnis
1439 1032 1505 1083 ab
1544 1032 1687 1084 illius
1732 1032 1929 1100 pendet

165 1104 481 1157 conlatione.
558 1123 684 1156 nam
746 1105 804 1156 in
859 1102 1225 1173 sangallensis
1277 1104 1589 1173 apographo
1651 1123 1784 1158 saec.
1822 1104 1927 1158 XV

163 1176 307 1229 facto
345 1195 456 1229 non
493 1177 570 1229 ita
605 1194 802 1246 magna
840 1180 922 1229 est
958 1177 1104 1245 fides,
1141 1180 1203 1229 ut
1238 1177 1381 1229 infra
1423 1177 1926 1232 demonstrabimus,

165 1249 255 1301 sed
293 1248 546 1302 Politiani
592 1269 798 1319 quoque
847 1250 1126 1303 collatione
1164 1253 1226 1302 ut
1262 1250 1558 1302 frueremur
1594 1252 1774 1320 plena,
1818 1270 1929 1305 non

162 1322 451 1390 permisere
501 1323 683 1375 inuida
731 1324 861 1375 fata.
922 1324 1233 1391 priusquam
1284 1325 1463 1375 autem
1515 1325 1811 1376 accuratius
1862 1325 1927 1378 de

163 1413 225 1447 ea
263 1395 537 1464 disseram,
576 1396 639 1447 de
679 1396 909 1448 editione
947 1396 1186 1463 principe
1227 1393 1323 1465 (a),
1361 1396 1511 1448 cuius
1550 1397 1840 1465 exemplari
1869 1399 1927 1450 in

162 1469 529 1521 uniuersitatis
567 1468 805 1521 lenensis
851 1468 1180 1521 bibliotheca
1217 1469 1422 1520 extanti
1458 1471 1596 1538 utor,
1640 1488 1813 1538 pauca
1852 1471 1925 1523 di-

163 1541 341 1593 cenda.
415 1541 567 1593 fiuxit
612 1542 711 1594 illa
757 1559 820 1593 ex
867 1541 1043 1594 codice
1088 1541 1215 1593 libri
1252 1540 1614 1611 Rehdigerani
1654 1543 1926 1597 simillimo

164 1614 388 1683 quidem,
429 1615 519 1666 sed
558 1614 741 1667 eodem
779 1614 952 1683 magis
990 1614 1100 1666 iam
1138 1614 1431 1682 deprauato
1469 1615 1925 1686 interpolatoque3

162 1690 437 1755 praeterea
474 1705 504 1739 e
541 1686 858 1755 typothetae
897 1687 1054 1755 culpa
1090 1686 1294 1739 mendis
1334 1690 1417 1739 est
1446 1687 1727 1756 inquinata
1762 1690 1925 1757 pluri-

163 1760 289 1828 mis3
327 1760 597 1813 nonnullis
635 1760 766 1813 locis
806 1760 967 1812 etiam
999 1759 1218 1812 editoris
1250 1759 1585 1812 coniecturae
1615 1762 1927 1831 plerumque

162 1835 336 1885 rectae
360 1832 838 1901 deprehenduntur.
889 1834 998 1885 iam
1027 1833 1185 1885 huius
1217 1832 1338 1886 edit.
1375 1833 1632 1902 principis
1656 1836 1927 1904 exemplar

164 1903 537 1959 Gorsinianum
587 1924 703 1958 eam
758 1906 923 1958 subiit
969 1905 1244 1958 fortunam
1292 1908 1374 1973 ut,
1424 1909 1710 1975 postquam
1758 1909 1816 1960 in
1863 1926 1926 1962 ea

160 1978 460 2031 Politianus
523 1980 699 2031 uarias
755 1980 1011 2032 lectiones
1069 1997 1098 2031 e
1155 1977 1493 2048 Sangallensi
1558 1980 1926 2050 adnotauerat‚

161 2052 323 2104 homo
363 2051 579 2120 quidam
617 2053 755 2104 male
795 2052 1008 2105 sedulus
1047 2052 1103 2104 in
1142 2052 1355 2121 singula
1383 2052 1516 2105 folia
1548 2054 1776 2122 spongia
1815 2073 1924 2107 sae-

162 2125 315 2177 uiret.
391 2143 495 2194 quo
541 2125 743 2177 factum
789 2129 871 2178 est
914 2128 975 2178 ut
1017 2125 1160 2178 haud
1201 2142 1402 2193 paucae
1449 2143 1608 2179 uoces
1646 2127 1925 2181 litteraeue

162 2198 325 2267 plane
364 2197 664 2251 delerentur
696 2201 790 2250 aut
818 2199 896 2251 ita
926 2198 1253 2250 diluerentur
1283 2201 1345 2251 ut
1372 2198 1530 2251 hodie
1560 2199 1650 2251 uix
1679 2201 1926 2254 umbram

164 2289 346 2323 earum
385 2287 657 2340 agnoscas.
719 2274 896 2324 cartae
928 2289 1136 2340 quoque
1166 2271 1316 2339 ipsae
1347 2273 1516 2324 multo
1554 2290 1655 2324 usu
1695 2274 1925 2328 attritae.

165 2344 368 2396 accedit
418 2344 645 2413 denique
704 2344 845 2413 quod
896 2347 1020 2396 ante
1070 2343 1424 2397 infortunium
1474 2344 1609 2396 illud
1659 2346 1793 2398 alter
1841 2347 1926 2400 uir

165 2417 353 2470 doctus
402 2435 525 2470 suas
566 2417 770 2486 aliquot
813 2420 972 2470 notas
1012 2418 1448 2485 coniecturasque
1488 2417 1681 2470 adiecit
1719 2419 1923 2471 difficil-

280 2618 320 2675 *)
352 2618 482 2663 Idem
519 2617 779 2664 Politianus
810 2619 869 2662 ad
899 2632 1083 2663 uersum
1120 2618 1169 2663 in
1198 2618 1490 2676 interpolatis
1520 2618 1652 2664 libris
1683 2622 1790 2676 post
1820 2619 1924 2665 silu.

163 2678 184 2720 I
198 2683 239 2733 4,
258 2682 313 2722 86
337 2677 560 2722 insertum
589 2677 704 2722 haec
735 2677 947 2722 adnotat:
978 2678 1051 2722 hic
1080 2690 1237 2722 uersus
1266 2679 1383 2723 deest
1411 2678 1463 2722 iu
1486 2679 1602 2723 libro
1624 2679 1926 2723 uetustissimo

161 2738 299 2793 poyyi
341 2737 422 2793 qui
452 2750 473 2780 e
510 2737 744 2794 yermauia
773 2737 826 2780 iu
857 2737 1051 2780 Italiam
1081 2740 1143 2781 est
1173 2737 1357 2791 relatus,
1397 2737 1539 2781 uariis
1571 2736 1651 2780 ille
1682 2737 1926 2782 Heluetiae

164 2795 556 2852 appellationibus
585 2809 711 2850 usus3
745 2794 799 2840 of.
833 2794 1036 2840 Blassius
1066 2795 1095 2839 1.
1127 2795 1159 2849 l,
