1994 3112
159 198 188 225 x
707 177 987 223 EDITORIS
1018 177 1374 222 PRAEFATIO.

161 299 430 353 communi
478 298 651 366 fonte,
701 297 759 350 in
809 315 913 366 quo
952 297 1061 349 iam
1098 297 1270 349 multa
1305 296 1439 348 false
1478 296 1745 365 descripta
1789 314 1918 349 non·

157 373 408 440 nullaque
446 370 767 439 interpolata
817 372 1011 423 essent.
1084 373 1362 438 praeterea
1399 386 1517 421 cum
1557 367 1918 439 Sangallensis

159 446 290 498 locis
321 444 594 497 nonnullis
627 443 880 496 damnum
920 444 1224 514 accepisset,
1265 442 1562 511 apographi
1604 443 1778 513 scriba
1808 461 1920 496 non

158 518 320 571 nimis
360 520 596 570 attentus
634 517 738 569 fuit
775 517 967 569 litteris
999 516 1239 568 euanidis
1278 515 1630 584 dinoscendis,
1666 514 1921 568 Politiani

160 594 338 643 autem
377 590 684 660 diligentiae
724 589 1106 643 accuratiorem
1144 589 1208 641 de
1253 588 1328 641 eis
1366 588 1616 642 notitiam
1653 588 1920 642 debemus,

160 668 213 716 et
265 665 322 716 in
370 663 454 716 his
501 680 709 733 quoque
754 664 958 715 lacunis
1006 663 1131 714 libri
1175 663 1373 715 nouicii
1419 662 1486 714 ad
1531 680 1697 714 unum
1737 680 1920 715 omnes

160 739 483 805 congruunt3
529 736 595 788 cf.
642 754 774 788 mus.
819 735 988 789 Rhen.
1040 734 1275 788 XXVIII
1320 754 1371 804 p.
1410 734 1519 787 250
1558 753 1671 804 sqq.
1710 765 1779 773 —-
1818 736 1921 789 hoc

161 813 338 862 autem
386 809 745 879 sangallensis
792 808 1161 879 apographum
1214 809 1391 877 ipsum
1444 808 1585 876 quod
1630 826 1771 861 nunc
1814 809 1922 861 iam

159 901 269 936 non
299 883 649 951 possidemus,
681 882 965 935 admodum
996 882 1283 934 dolendum
1315 885 1416 950 est3
1448 882 1590 951 quod
1622 883 1667 934 si
1699 882 1922 951 adesset,

158 956 332 1009 labori
380 957 548 1008 multo
600 955 940 1023 supersedere
989 955 1186 1008 liceret.
1249 973 1374 1008 nam
1425 973 1545 1007 cum
1589 956 1922 1008 nouiciorum

158 1029 419 1082 librorum
466 1029 589 1081 inde
627 1029 986 1097 profectorum
1033 1029 1210 1082 nullus
1260 1046 1323 1081 ea
1369 1029 1454 1081 cui
1501 1031 1620 1081 tuto
1660 1029 1921 1081 confidere

158 1103 335 1170 possis
376 1102 652 1172 diligentia
690 1102 823 1154 illud
861 1101 1050 1154 reddat
1095 1119 1319 1171 cumque
1366 1119 1550 1155 eorum
1589 1102 1922 1171 singulorum

158 1176 412 1228 lectiones
457 1176 693 1227 incertae
742 1175 853 1228 sint
898 1175 1232 1243 saepissime,
1279 1178 1402 1228 ante
1449 1175 1630 1228 omnia
1674 1175 1799 1228 huic
1844 1176 1921 1228 rei

160 1249 336 1302 danda
382 1251 464 1301 est
509 1266 672 1316 opera
716 1252 776 1300 ut
822 1266 885 1300 ex
923 1248 1277 1301 consentienti
1304 1267 1307 1270 ’
1326 1249 1446 1316 plus
1484 1248 1728 1301 minusue
1766 1250 1922 1302 noui-

159 1322 361 1374 ciorum
386 1321 649 1389 scriptura
673 1321 852 1374 eiectis
875 1321 1260 1389 posterioribus
1285 1320 1545 1374 Italorum
1569 1324 1624 1372 et
1655 1323 1921 1375 erroribus

159 1398 213 1446 et
251 1394 562 1447 commentis
602 1411 665 1446 ea
703 1412 837 1462 quae
877 1393 1244 1463 apographum
1274 1394 1535 1462 praebuit,
1572 1395 1630 1446 in
1661 1398 1922 1463 quantum

157 1468 271 1519 fieri
300 1468 439 1536 licet,
477 1467 842 1519 restituantur.
902 1468 1091 1535 quibus
1123 1467 1385 1520 restitutis
1417 1485 1538 1520 cum
1568 1468 1763 1521 ueteris
1789 1467 1922 1521 San·

158 1541 416 1610 gallensis
467 1540 645 1609 imago
702 1543 755 1592 et
798 1541 916 1608 ipsa
961 1540 1251 1607 deprauata
1289 1540 1482 1593 euadat
1520 1558 1742 1610 cumque
1780 1541 1920 1594 Poli-

156 1615 294 1666 tiani
340 1613 571 1666 conlatio
618 1630 729 1665 non
777 1613 951 1665 minus
998 1631 1188 1666 manca
1227 1613 1312 1682 sit,
1350 1613 1501 1667 uides
1541 1632 1701 1683 quam
1730 1633 1921 1682 parum

157 1689 276 1740 tuto
314 1686 665 1738 fundamento
703 1686 963 1738 'siluarum
1001 1686 1238 1738 recensio
1276 1687 1552 1739 innitatur.

304 1759 712 1812 Postulantibus
765 1762 943 1812 autem
981 1758 1230 1811 editionis
1269 1762 1486 1812 nostrae
1524 1760 1822 1813 rationibus
1861 1764 1922 1814 ut

159 1851 318 1902 quam
349 1832 663 1885 breuissime
694 1835 748 1884 et
780 1833 992 1885 omissis
1023 1830 1324 1901 minutiis*)
1355 1833 1599 1886 lectionis
1625 1835 1920 1903 antiquitus

157 1906 386 1958 traditae
430 1905 625 1958 notitia
665 1905 902 1970 daretur,
949 1906 1092 1957 uiam
1138 1906 1296 1958 modo
1336 1906 1694 1975 significatam
1732 1908 1830 1959 inii
1868 1911 1922 1961 et

160 1979 382 2031 abiectis
439 1978 663 2044 singulis
712 1979 865 2030 libris
916 1979 1288 2047 apographum
1343 1979 1479 2031 illud
1539 1981 1920 2034 reconcinnare

158 2052 354 2120 studui,
393 2069 513 2104 cum
549 2052 865 2119 praesertim
903 2052 1172 2120 integrum
1213 2055 1528 2120 apparatum
1569 2054 1812 2106 criticum
1852 2055 1920 2108 ab

159 2144 221 2179 eo
254 2125 494 2178 exhiberi
524 2143 622 2193 par
654 2128 808 2193 esset,
840 2125 931 2193 qui
962 2125 1262 2194 colligendo
1292 2125 1374 2177 illi
1405 2143 1499 2194 per
1528 2127 1727 2179 multos
1752 2145 1921 2180 annos

159 2217 377 2268 operam
418 2198 758 2267 studiumque
796 2198 1069 2266 impendit.
1129 2199 1308 2267 itaque
1341 2198 1626 2252 Imhofium
1657 2218 1782 2253 mox
1812 2202 1920 2269 ple-

157 2290 285 2324 nam
324 2272 703 2340 supellectilem
743 2270 903 2324 Statii
940 2271 1194 2324 studiosis
1231 2272 1552 2325 traditurum
1591 2290 1705 2326 esse
1745 2292 1921 2342 spera·

158 2363 302 2413 mus3
349 2363 449 2397 nos
496 2345 712 2397 interim
761 2345 1029 2397 succincta
1081 2346 1268 2397 nostra
1308 2345 1656 2398 adnotatione
1697 2347 1764 2398 ad
1800 2365 1920 2416 pro-

159 2418 425 2471 mouenda
460 2417 592 2470 haec
631 2417 809 2470 studia
847 2417 1050 2486 aliquid
1089 2418 1328 2471 conferre
1365 2419 1523 2471 nobis
1562 2419 1818 2472 uidemur.

306 2491 380 2544 Et
417 2491 550 2544 haec
589 2491 803 2560 quidem
841 2491 905 2543 de
937 2489 1288 2561 Sangallensi.
1348 2509 1512 2544 unum
1544 2495 1721 2545 autem
1763 2494 1921 2546 silua-

158 2583 277 2618 rum
324 2582 538 2618 carmen
582 2565 812 2633 reperire
866 2564 1023 2616 nobis
1071 2565 1301 2634 contigit
1349 2565 1406 2617 in
1457 2565 1635 2618 codice
1686 2567 1921 2636 antiqu0.

159 2656 280 2691 cum
343 2639 485 2691 enim
541 2637 843 2691 Politianus
894 2637 962 2690 ad
1010 2637 1064 2690 H
1116 2639 1146 2691 7
1199 2638 1534 2691 adnotasset:
1594 2638 1786 2693 Inueni
1833 2640 1923 2694 hoc

305 2810 346 2868 ³¹⁶)
385 2810 492 2855 hinc
531 2825 635 2855 raro
674 2811 734 2856 ad
773 2811 1130 2869 orthographica
1168 2811 1569 2855 commemoranda
1598 2812 1834 2868 descendig
1873 2813 1923 2858 in

157 2869 327 2925 quibus
357 2870 453 2914 fere
483 2870 659 2934 ubique
687 2870 888 2926 optimos
920 2870 1062 2914 libros
1092 2869 1235 2915 tacite
1267 2884 1368 2914 sum
1400 2871 1597 2915 secutus.
