2014 3164
155 172 227 223 24
588 240 591 241 ⁷
757 173 810 218 P.
841 172 1068 217 PAPINII
1099 172 1300 217 s'rATn

155 292 257 346 Hic
295 293 556 375 premitur
594 292 820 344 fecunda
857 293 1005 361 quies
1044 293 1324 360 uirtusque
1362 309 1559 345 serena>

154 365 355 418 Fronte
394 366 578 435 grauis
619 382 881 448 sanusque
918 366 1062 418 nitor
1099 366 1329 433 luxuque
1368 368 1608 418 carentes

154 439 405 506 Deliciae,
445 456 575 507 quas
613 438 729 506 ipse
768 438 879 491 suis
918 438 1199 506 degressus
1237 437 1465 510 Athenis

155 513 340 565 Mallet
378 512 587 564 deserto
628 512 803 563 senior
841 510 1151 580 Gargettius
1189 511 1367 579 hort03

154 585 301 637 Haec
339 603 433 653 per
472 587 525 636 et
562 583 770 653 Aegeas
808 584 1011 637 hiemes
1049 584 1405 652 Hyadumque
1442 584 1687 636 niuosum
1855 596 1911 636 95

156 657 311 710 Sidus
351 661 404 709 et
443 657 645 710 Oleniis
685 658 906 726 dignum
945 658 1164 725 petiisse
1204 658 1302 710 sub
1343 657 1523 725 astriS,

156 731 326 793 Quam
365 730 569 782 Maleae
608 731 870 783 credenda
907 732 1039 782 ratis
1079 729 1387 799 Siculosque
1425 748 1520 798 per
1559 733 1735 782 aestus

156 804 237 857 Sit
274 804 384 856 uia:
426 822 517 856 cur
557 804 725 856 oculis
764 804 944 856 sordet
982 804 1158 856 uicina
1195 802 1480 872 uoluptas?

153 878 254 930 Hic
291 881 385 929 tua
423 876 671 929 Tiburtes
709 876 921 930 Faunos
961 877 1144 945 chelys
1183 879 1238 929 et
1272 877 1425 928 iuuat
1460 877 1638 945 ipsum

125 951 377 1003 'Alciden
415 950 717 1019 dictumque
756 951 876 1018 lyra
913 951 1114 1003 maiore
1154 948 1420 1012 Catillum,
1829 963 1912 1002 100

155 1023 259 1077 Seu
298 1024 399 1076 tibi
436 1022 734 1075 Pindaricis
775 1024 983 1075 animus
1024 1023 1340 1075 contendere
1379 1022 1597 1090 plectris

156 1096 279 1150 Siue
321 1098 516 1165 chelyn
553 1097 713 1148 tollas
751 1097 917 1149 heroa
955 1096 1022 1148 ad
1060 1097 1255 1148 robora
1294 1096 1407 1148 siue

151 1170 431 1223 Liuentem
471 1170 692 1222 satiram
729 1171 888 1239 nigra
926 1170 1174 1239 rubigine
1212 1169 1392 1221 uibres

154 1243 258 1297 Seu
295 1247 389 1296 tua
427 1261 536 1295 non
575 1244 680 1295 alia
719 1243 1054 1311 splendescat
1090 1243 1319 1310 epistola
1357 1260 1496 1294 cura.

155 1317 330 1386 Digne
369 1316 544 1367 Midae
585 1314 873 1384 Croesique
912 1316 1068 1368 bonis
1107 1319 1162 1367 et
1198 1315 1416 1368 Perside
1457 1332 1603 1384 gaza,
1830 1329 1913 1368 105

150 1389 325 1442 Macte
364 1389 520 1442 bonis
562 1389 749 1440 animi!
790 1389 939 1441 cuius
980 1388 1290 1457 stagnantia
1329 1406 1453 1440 rura

151 1463 352 1515 Debuit
391 1465 444 1514 et
481 1462 636 1514 flauis
676 1461 906 1514 Hermus
944 1464 1307 1514 transcurrere
1343 1461 1474 1529 ripis

149 1537 223 1589 Et
260 1537 388 1588 limo
431 1535 739 1603 splendente
779 1535 974 1604 Tagus,
1036 1535 1112 1587 sic
1151 1533 1308 1587 docta
1344 1534 1646 1603 frequentes

152 1610 290 1678 Otia,
331 1610 408 1662 sic
448 1608 594 1660 omni
632 1608 871 1660 detersus
909 1611 1128 1676 pectora
1164 1608 1305 1660 nube

149 1684 338 1736 Finem
375 1681 672 1736 Nestoreae
710 1699 900 1750 precor
938 1681 1211 1751 egrediare
1250 1684 1506 1734 senectae.
1610 1714 1615 1718 -
1833 1693 1916 1734 110

985 1826 1080 1881 IV.

634 1927 893 1973 SOTERIA
922 1927 1151 1973 RUTILII
1181 1925 1434 1972 GALLICI.

149 2018 323 2085 Estis‚
360 2018 436 2087 io,
477 2018 676 2087 superi,
714 2037 813 2071 nec
852 2018 1175 2072 inexorabile
1215 2015 1410 2070 Clotho

151 2091 339 2144 Uoluit
378 2110 526 2160 opUS‚
565 2092 710 2144 uidet
749 2092 891 2144 alma
927 2091 1045 2160 pios
1084 2091 1313 2144 Astraea
1350 2090 1575 2160 Iouique

153 2163 440 2218 Conciliat!
481 2166 617 2218 uiuit
655 2165 1000 2234 dubitataque
1040 2164 1214 2217 sidera
1251 2164 1420 2217 cernit

270 2401 326 2441 92
357 2396 484 2441 nitor
516 2401 567 2442 ςε
608 2397 792 2454 genitor
822 2402 851 2439 0
881 2398 1019 2441 decor
1044 2400 1074 2441 ς
1105 2412 1134 2440 a
1161 2398 1178 2453 ΙΙ
1208 2401 1265 2441 93
1296 2396 1528 2453 digressus
1558 2400 1589 2440 0
1617 2410 1659 2453 a,
1699 2397 1875 2441 correxi
1904 2395 1919 2455 Η

152 2460 209 2500 94
239 2455 503 2512 gargeticus
539 2458 640 2500 orto
664 2461 692 2498 0
723 2455 960 2512 gargetius
984 2460 1022 2498 A
1051 2458 1066 2511 ΙΙ
1097 2460 1152 2500 95
1184 2456 1492 2524 Hyadumque
1516 2454 1757 2499 Heinsius·
1801 2455 1917 2512 plia.-

152 2515 354 2570 dumque
387 2519 415 2556 0
447 2529 474 2556 a
504 2516 520 2570 ΙΙ
561 2519 615 2558 97
649 2514 798 2568 Quam
820 2516 1008 2570 scripsi:
1041 2515 1090 2558 Si
1121 2519 1149 2556 0
1181 2530 1228 2565 a;
1267 2516 1320 2558 in
1349 2515 1586 2558 enuntiato
1617 2515 1775 2570 priore
1813 2528 1918 2570 sup-

148 2575 276 2629 pleas
304 2573 460 2630 potius
483 2574 499 2628 ΙΙ
523 2578 606 2617 102
638 2573 779 2617 tollas
801 2577 858 2617 A:
889 2572 1020 2618 tollis
1049 2578 1077 2615 0
1107 2575 1123 2630 ΙΙ
1157 2578 1239 2617 103
1262 2573 1416 2617 uibres
1448 2572 1729 2618 Scriuerius:
1758 2574 1918 2617 turbes

153 2637 180 2674 0
210 2647 238 2674 a.
267 2634 426 2688 turpes
459 2632 706 2676 Geuartius
728 2634 743 2688 ss
769 2636 852 2675 104
883 2645 974 2675 non
1013 2632 1112 2676 alta
1141 2631 1508 2688 Lindenbroyius
1537 2632 1553 2688 ΙΙ
1589 2636 1673 2676 109
1706 2631 1919 2676 detersus

151 2691 393 2734 Heinsius:
429 2690 638 2734 detectus
671 2695 699 2732 0
731 2705 758 2732 a

273 2749 353 2794 IV.
424 2750 477 2792 in
516 2750 648 2793 titulo
686 2748 916 2792 RUTILII
957 2751 1014 2792 A:
1055 2748 1199 2792 rutuli
1231 2752 1260 2791 0
1292 2748 1309 2804 ΙΙ
1346 2753 1372 2792 3
1406 2747 1635 2793 Conciliat
1663 2747 1784 2792 uiuit
1812 2747 1916 2792 Nic.
2013 2747 2014 2755 ’

151 2808 375 2863 Hopfius:
415 2806 675 2852 Conciliata
706 2806 832 2852 cadit
862 2811 891 2848 0
921 2821 950 2849 a
981 2805 1237 2852 Conciliata
1273 2806 1393 2851 redit
1416 2806 1640 2851 Barthius
1678 2806 1916 2852 Conciliat.

153 2866 298 2911 credit
328 2866 694 2911 Hemste‘rhusius
