<?xml version="1.0" encoding="UTF-8"?>
<!DOCTYPE html PUBLIC "-//W3C//DTD XHTML 1.0 Transitional//EN"
    "http://www.w3.org/TR/xhtml1/DTD/xhtml1-transitional.dtd">
<html xmlns="http://www.w3.org/1999/xhtml" xml:lang="en" lang="en">
 <head>
  <title>
</title>
<meta http-equiv="Content-Type" content="text/html;charset=utf-8" />
  <meta name='ocr-system' content='tesseract 3.04.00' />
  <meta name='ocr-capabilities' content='ocr_page ocr_carea ocr_par ocr_line ocrx_word'/>
</head>
<body>
  <div class='ocr_page' id='page_1' title='image "./operapapinius01statuoft_0042.png"; bbox 0 0 2014 3164; ppageno 0'>
   <div class='ocr_carea' id='block_1_1' title="bbox 201 164 1349 225">
    <p class='ocr_par' dir='ltr' id='par_1_1' title="bbox 201 164 1349 225">
     <span class='ocr_line' id='line_1_1' title="bbox 201 164 1349 225; baseline 0.003 -19"><span class='ocrx_word' id='word_1_1' title='bbox 201 164 268 216; x_wconf 83' lang='grc'>16</span> <span class='ocrx_word' id='word_1_2' title='bbox 811 166 860 208; x_wconf 89' lang='grc' dir='ltr'>Ρ.</span> <span class='ocrx_word' id='word_1_3' title='bbox 891 165 1119 225; x_wconf 80' lang='lat' dir='ltr'>PAPINIl</span> <span class='ocrx_word' id='word_1_4' title='bbox 1149 165 1349 210; x_wconf 88' lang='lat' dir='ltr'>STATII</span> 
     </span>
    </p>
   </div>
   <div class='ocr_carea' id='block_1_2' title="bbox 192 278 1954 2538">
    <p class='ocr_par' dir='ltr' id='par_1_2' title="bbox 194 278 1626 352">
     <span class='ocr_line' id='line_1_2' title="bbox 194 278 1626 352; baseline 0.001 -18"><span class='ocrx_word' id='word_1_5' title='bbox 194 278 373 352; x_wconf 86' lang='lat' dir='ltr'>Digna</span> <span class='ocrx_word' id='word_1_6' title='bbox 412 284 538 336; x_wconf 89' lang='lat' dir='ltr'>deae</span> <span class='ocrx_word' id='word_1_7' title='bbox 577 283 726 336; x_wconf 88' lang='lat' dir='ltr'>sedes</span> <span class='ocrx_word' id='word_1_8' title='bbox 764 283 964 347; x_wconf 77' lang='lat' dir='ltr'>uiridis,</span> <span class='ocrx_word' id='word_1_9' title='bbox 1001 301 1100 335; x_wconf 90' lang='grc'><strong>1100</strong></span> <span class='ocrx_word' id='word_1_10' title='bbox 1138 283 1316 336; x_wconf 88' lang='lat' dir='ltr'>sordet</span> <span class='ocrx_word' id='word_1_11' title='bbox 1345 284 1412 336; x_wconf 92' lang='lat' dir='ltr'>ab</span> <span class='ocrx_word' id='word_1_12' title='bbox 1451 283 1626 336; x_wconf 75' lang='lat' dir='ltr'>astris,</span> 
     </span>
    </p>

    <p class='ocr_par' dir='ltr' id='par_1_3' title="bbox 194 355 1758 425">
     <span class='ocr_line' id='line_1_3' title="bbox 194 355 1758 425; baseline 0.001 -18"><span class='ocrx_word' id='word_1_13' title='bbox 194 356 295 408; x_wconf 90' lang='lat' dir='ltr'>Hic</span> <span class='ocrx_word' id='word_1_14' title='bbox 334 356 563 425; x_wconf 89' lang='lat' dir='ltr'>Libycus</span> <span class='ocrx_word' id='word_1_15' title='bbox 601 355 971 425; x_wconf 89' lang='lat' dir='ltr'>Phrygiusque</span> <span class='ocrx_word' id='word_1_16' title='bbox 1011 357 1156 419; x_wconf 81' lang='lat' dir='ltr'>sileX‚</span> <span class='ocrx_word' id='word_1_17' title='bbox 1193 356 1279 408; x_wconf 87' lang='lat' dir='ltr'>hic</span> <span class='ocrx_word' id='word_1_18' title='bbox 1317 356 1448 407; x_wconf 88' lang='lat' dir='ltr'>dura</span> <span class='ocrx_word' id='word_1_19' title='bbox 1484 355 1758 408; x_wconf 88' lang='lat' dir='ltr'>Laconum</span> 
     </span>
    </p>

    <p class='ocr_par' dir='ltr' id='par_1_4' title="bbox 196 429 1595 497">
     <span class='ocr_line' id='line_1_4' title="bbox 196 429 1595 497; baseline -0.001 -16"><span class='ocrx_word' id='word_1_20' title='bbox 196 429 333 482; x_wconf 82' lang='lat' dir='ltr'>Saxa</span> <span class='ocrx_word' id='word_1_21' title='bbox 373 430 568 496; x_wconf 84' lang='lat' dir='ltr'>uirent3</span> <span class='ocrx_word' id='word_1_22' title='bbox 607 429 694 481; x_wconf 91' lang='lat' dir='ltr'>hic</span> <span class='ocrx_word' id='word_1_23' title='bbox 731 429 896 482; x_wconf 88' lang='lat' dir='ltr'>flexus</span> <span class='ocrx_word' id='word_1_24' title='bbox 937 447 1078 497; x_wconf 86' lang='lat' dir='ltr'>onyx</span> <span class='ocrx_word' id='word_1_25' title='bbox 1117 432 1171 481; x_wconf 89' lang='lat' dir='ltr'>et</span> <span class='ocrx_word' id='word_1_26' title='bbox 1208 429 1455 482; x_wconf 90' lang='lat' dir='ltr'>concolor</span> <span class='ocrx_word' id='word_1_27' title='bbox 1486 430 1595 481; x_wconf 91' lang='lat' dir='ltr'>alto</span> 
     </span>
    </p>

    <p class='ocr_par' dir='ltr' id='par_1_5' title="bbox 195 502 1950 642">
     <span class='ocr_line' id='line_1_5' title="bbox 195 502 1950 570; baseline -0.001 -15"><span class='ocrx_word' id='word_1_28' title='bbox 195 502 347 555; x_wconf 89' lang='lat' dir='ltr'>Uena</span> <span class='ocrx_word' id='word_1_29' title='bbox 384 503 517 554; x_wconf 88' lang='lat' dir='ltr'>mari</span> <span class='ocrx_word' id='word_1_30' title='bbox 555 519 816 570; x_wconf 85' lang='lat' dir='ltr'>rupesque</span> <span class='ocrx_word' id='word_1_31' title='bbox 855 502 1045 569; x_wconf 89' lang='lat' dir='ltr'>nitent,</span> <span class='ocrx_word' id='word_1_32' title='bbox 1095 502 1212 570; x_wconf 92' lang='lat' dir='ltr'>quis</span> <span class='ocrx_word' id='word_1_33' title='bbox 1249 519 1487 569; x_wconf 83' lang='lat' dir='ltr'><strong>purpura</strong></span> <span class='ocrx_word' id='word_1_34' title='bbox 1526 518 1683 569; x_wconf 82' lang='lat' dir='ltr'>saepe</span> <span class='ocrx_word' id='word_1_35' title='bbox 1865 514 1950 554; x_wconf 86' lang='lat'>150</span> 
     </span>
     <span class='ocr_line' id='line_1_6' title="bbox 195 574 1371 642; baseline -0.002 -14"><span class='ocrx_word' id='word_1_36' title='bbox 195 575 407 628; x_wconf 88' lang='lat' dir='ltr'>Oebalis</span> <span class='ocrx_word' id='word_1_37' title='bbox 447 578 500 626; x_wconf 91' lang='lat' dir='ltr'>et</span> <span class='ocrx_word' id='word_1_38' title='bbox 539 574 691 642; x_wconf 84' lang='lat' dir='ltr'>Tyrii</span> <span class='ocrx_word' id='word_1_39' title='bbox 728 575 1031 627; x_wconf 75' lang='lat' dir='ltr'>moderator</span> <span class='ocrx_word' id='word_1_40' title='bbox 1068 575 1200 626; x_wconf 90' lang='lat' dir='ltr'>liuet</span> <span class='ocrx_word' id='word_1_41' title='bbox 1237 575 1371 626; x_wconf 86' lang='lat' dir='ltr'>aeni.</span> 
     </span>
    </p>

    <p class='ocr_par' dir='ltr' id='par_1_6' title="bbox 193 646 1503 716">
     <span class='ocr_line' id='line_1_7' title="bbox 193 646 1503 716; baseline -0.002 -16"><span class='ocrx_word' id='word_1_42' title='bbox 193 646 434 700; x_wconf 86' lang='lat' dir='ltr'>Pendent</span> <span class='ocrx_word' id='word_1_43' title='bbox 469 647 762 699; x_wconf 80' lang='lat' dir='ltr'>innumeris</span> <span class='ocrx_word' id='word_1_44' title='bbox 801 647 1019 716; x_wconf 89' lang='lat' dir='ltr'>fastigia</span> <span class='ocrx_word' id='word_1_45' title='bbox 1056 647 1182 699; x_wconf 89' lang='lat' dir='ltr'>nixa</span> <span class='ocrx_word' id='word_1_46' title='bbox 1220 647 1503 715; x_wconf 80' lang='lat' dir='ltr'>columnis3</span> 
     </span>
    </p>

    <p class='ocr_par' dir='ltr' id='par_1_7' title="bbox 193 720 1467 779">
     <span class='ocr_line' id='line_1_8' title="bbox 193 720 1467 779; baseline -0.001 -7"><span class='ocrx_word' id='word_1_47' title='bbox 193 721 411 774; x_wconf 88' lang='lat' dir='ltr'>Robora</span> <span class='ocrx_word' id='word_1_48' title='bbox 448 720 749 779; x_wconf 85' lang='lat' dir='ltr'>Dalmatico</span> <span class='ocrx_word' id='word_1_49' title='bbox 789 721 968 772; x_wconf 87' lang='lat' dir='ltr'>lucent</span> <span class='ocrx_word' id='word_1_50' title='bbox 1007 720 1200 772; x_wconf 87' lang='lat' dir='ltr'>satiata</span> <span class='ocrx_word' id='word_1_51' title='bbox 1237 721 1467 772; x_wconf 89' lang='lat' dir='ltr'>metallo.</span> 
     </span>
    </p>

    <p class='ocr_par' dir='ltr' id='par_1_8' title="bbox 193 793 1431 846">
     <span class='ocr_line' id='line_1_9' title="bbox 193 793 1431 846; baseline -0.001 -1"><span class='ocrx_word' id='word_1_52' title='bbox 193 793 501 846; x_wconf 87' lang='lat' dir='ltr'>Excludunt</span> <span class='ocrx_word' id='word_1_53' title='bbox 536 793 713 846; x_wconf 82' lang='lat' dir='ltr'>radios</span> <span class='ocrx_word' id='word_1_54' title='bbox 753 794 901 845; x_wconf 88' lang='lat' dir='ltr'>siluis</span> <span class='ocrx_word' id='word_1_55' title='bbox 940 793 1169 845; x_wconf 89' lang='lat' dir='ltr'>demissa</span> <span class='ocrx_word' id='word_1_56' title='bbox 1205 793 1431 845; x_wconf 88' lang='lat' dir='ltr'>uetustis</span> 
     </span>
    </p>

    <p class='ocr_par' dir='ltr' id='par_1_9' title="bbox 192 865 1952 1007">
     <span class='ocr_line' id='line_1_10' title="bbox 194 865 1952 936; baseline 0 -18"><span class='ocrx_word' id='word_1_57' title='bbox 194 866 432 936; x_wconf 80' lang='lat' dir='ltr'>Frigora,</span> <span class='ocrx_word' id='word_1_58' title='bbox 470 867 735 936; x_wconf 90' lang='lat' dir='ltr'>perspicui</span> <span class='ocrx_word' id='word_1_59' title='bbox 773 866 966 918; x_wconf 88' lang='lat' dir='ltr'>uiuunt</span> <span class='ocrx_word' id='word_1_60' title='bbox 1002 866 1059 918; x_wconf 87' lang='lat' dir='ltr'>in</span> <span class='ocrx_word' id='word_1_61' title='bbox 1097 883 1360 918; x_wconf 90' lang='lat' dir='ltr'>marmore</span> <span class='ocrx_word' id='word_1_62' title='bbox 1397 865 1591 919; x_wconf 77' lang='lat' dir='ltr'>fontes,</span> <span class='ocrx_word' id='word_1_63' title='bbox 1868 877 1952 918; x_wconf 85' lang='lat'>155</span> 
     </span>
     <span class='ocr_line' id='line_1_11' title="bbox 192 938 1493 1007; baseline -0.001 -16"><span class='ocrx_word' id='word_1_64' title='bbox 192 938 305 992; x_wconf 90' lang='lat' dir='ltr'>Nec</span> <span class='ocrx_word' id='word_1_65' title='bbox 346 942 526 994; x_wconf 87' lang='lat' dir='ltr'>seruat</span> <span class='ocrx_word' id='word_1_66' title='bbox 563 943 757 991; x_wconf 91' lang='lat' dir='ltr'>natura</span> <span class='ocrx_word' id='word_1_67' title='bbox 795 939 961 991; x_wconf 86' lang='lat' dir='ltr'>uices:</span> <span class='ocrx_word' id='word_1_68' title='bbox 1000 938 1086 991; x_wconf 83' lang='lat' dir='ltr'>hic.</span> <span class='ocrx_word' id='word_1_69' title='bbox 1126 938 1294 991; x_wconf 82' lang='lat' dir='ltr'>Sirius</span> <span class='ocrx_word' id='word_1_70' title='bbox 1335 938 1493 1007; x_wconf 80' lang='lat' dir='ltr'>alget,</span> 
     </span>
    </p>

    <p class='ocr_par' dir='ltr' id='par_1_10' title="bbox 193 1011 1877 1153">
     <span class='ocr_line' id='line_1_12' title="bbox 193 1011 1877 1081; baseline -0.001 -17"><span class='ocrx_word' id='word_1_71' title='bbox 193 1012 394 1064; x_wconf 87' lang='lat' dir='ltr'>Bruma</span> <span class='ocrx_word' id='word_1_72' title='bbox 431 1016 598 1081; x_wconf 80' lang='lat' dir='ltr'>tepet,</span> <span class='ocrx_word' id='word_1_73' title='bbox 637 1029 955 1080; x_wconf 88' lang='lat' dir='ltr'>uersumque</span> <span class='ocrx_word' id='word_1_74' title='bbox 995 1012 1182 1064; x_wconf 89' lang='lat' dir='ltr'>domus</span> <span class='ocrx_word' id='word_1_75' title='bbox 1223 1011 1325 1063; x_wconf 87' lang='lat' dir='ltr'>sibi</span> <span class='ocrx_word' id='word_1_76' title='bbox 1362 1013 1626 1079; x_wconf 87' lang='lat' dir='ltr'>temperat</span> <span class='ocrx_word' id='word_1_77' title='bbox 1664 1029 1877 1063; x_wconf 88' lang='lat' dir='ltr'>annum.</span> 
     </span>
     <span class='ocr_line' id='line_1_13' title="bbox 193 1085 1425 1153; baseline -0.002 -16"><span class='ocrx_word' id='word_1_78' title='bbox 193 1085 414 1138; x_wconf 86' lang='lat' dir='ltr'>Exultat</span> <span class='ocrx_word' id='word_1_79' title='bbox 452 1087 570 1138; x_wconf 90' lang='lat' dir='ltr'>uisu</span> <span class='ocrx_word' id='word_1_80' title='bbox 608 1086 867 1153; x_wconf 89' lang='lat' dir='ltr'>tectisque</span> <span class='ocrx_word' id='word_1_81' title='bbox 904 1085 1139 1152; x_wconf 86' lang='lat' dir='ltr'>potentis</span> <span class='ocrx_word' id='word_1_82' title='bbox 1179 1085 1425 1136; x_wconf 89' lang='lat' dir='ltr'>alumnae</span> 
     </span>
    </p>

    <p class='ocr_par' dir='ltr' id='par_1_11' title="bbox 193 1156 1954 1373">
     <span class='ocr_line' id='line_1_14' title="bbox 194 1156 1953 1226; baseline -0.002 -15"><span class='ocrx_word' id='word_1_83' title='bbox 194 1156 320 1211; x_wconf 90' lang='lat' dir='ltr'>Non</span> <span class='ocrx_word' id='word_1_84' title='bbox 359 1177 510 1211; x_wconf 86' lang='lat' dir='ltr'>secus</span> <span class='ocrx_word' id='word_1_85' title='bbox 549 1159 690 1210; x_wconf 90' lang='lat' dir='ltr'>alma</span> <span class='ocrx_word' id='word_1_86' title='bbox 705 1158 886 1210; x_wconf 89' lang='lat' dir='ltr'>Uenus</span> <span class='ocrx_word' id='word_1_87' title='bbox 926 1176 1085 1226; x_wconf 87' lang='lat' dir='ltr'>quam</span> <span class='ocrx_word' id='word_1_88' title='bbox 1125 1158 1170 1209; x_wconf 89' lang='lat' dir='ltr'>si</span> <span class='ocrx_word' id='word_1_89' title='bbox 1207 1156 1431 1224; x_wconf 85' lang='lat' dir='ltr'>Paphon</span> <span class='ocrx_word' id='word_1_90' title='bbox 1469 1174 1697 1224; x_wconf 90' lang='lat' dir='ltr'>aequore</span> <span class='ocrx_word' id='word_1_91' title='bbox 1737 1156 1804 1208; x_wconf 88' lang='lat' dir='ltr'>ab</span> <span class='ocrx_word' id='word_1_92' title='bbox 1844 1156 1953 1208; x_wconf 88' lang='lat' dir='ltr'>alto</span> 
     </span>
     <span class='ocr_line' id='line_1_15' title="bbox 193 1230 1954 1301; baseline -0.002 -17"><span class='ocrx_word' id='word_1_93' title='bbox 193 1232 495 1300; x_wconf 85' lang='lat' dir='ltr'>Idaliasque</span> <span class='ocrx_word' id='word_1_94' title='bbox 534 1231 720 1284; x_wconf 90' lang='lat' dir='ltr'>domos</span> <span class='ocrx_word' id='word_1_95' title='bbox 758 1230 1095 1299; x_wconf 78' lang='lat' dir='ltr'>Erycinaque</span> <span class='ocrx_word' id='word_1_96' title='bbox 1125 1231 1326 1298; x_wconf 88' lang='lat' dir='ltr'>templa</span> <span class='ocrx_word' id='word_1_97' title='bbox 1365 1230 1580 1282; x_wconf 87' lang='lat' dir='ltr'>subiret.</span> <span class='ocrx_word' id='word_1_98' title='bbox 1820 1299 1822 1301; x_wconf 22' lang='lat'>¹</span> <span class='ocrx_word' id='word_1_99' title='bbox 1870 1242 1954 1281; x_wconf 87' lang='grc'>160</span> 
     </span>
     <span class='ocr_line' id='line_1_16' title="bbox 196 1302 1446 1373; baseline -0.002 -16"><span class='ocrx_word' id='word_1_100' title='bbox 196 1305 347 1357; x_wconf 84' lang='grc' dir='ltr'><strong>Τ11110</strong></span> <span class='ocrx_word' id='word_1_101' title='bbox 385 1306 557 1373; x_wconf 89' lang='lat' dir='ltr'>ipsam</span> <span class='ocrx_word' id='word_1_102' title='bbox 597 1304 714 1357; x_wconf 86' lang='lat' dir='ltr'>solo</span> <span class='ocrx_word' id='word_1_103' title='bbox 753 1304 1005 1356; x_wconf 81' lang='lat' dir='ltr'>reclinem</span> <span class='ocrx_word' id='word_1_104' title='bbox 1043 1303 1225 1354; x_wconf 79' lang='lat' dir='ltr'>adfata</span> <span class='ocrx_word' id='word_1_105' title='bbox 1262 1302 1446 1354; x_wconf 90' lang='lat' dir='ltr'>cubili:</span> 
     </span>
    </p>

    <p class='ocr_par' dir='ltr' id='par_1_12' title="bbox 196 1374 1762 1446">
     <span class='ocr_line' id='line_1_17' title="bbox 196 1374 1762 1446; baseline -0.002 -17"><span class='ocrx_word' id='word_1_106' title='bbox 196 1377 467 1440; x_wconf 66' lang='lat' dir='ltr'>‘Quonam</span> <span class='ocrx_word' id='word_1_107' title='bbox 505 1377 591 1429; x_wconf 91' lang='lat' dir='ltr'>hic</span> <span class='ocrx_word' id='word_1_108' title='bbox 628 1395 795 1446; x_wconf 87' lang='lat' dir='ltr'>usque</span> <span class='ocrx_word' id='word_1_109' title='bbox 836 1394 996 1444; x_wconf 88' lang='lat' dir='ltr'>sopor</span> <span class='ocrx_word' id='word_1_110' title='bbox 1025 1376 1285 1444; x_wconf 89' lang='lat' dir='ltr'>uacuique</span> <span class='ocrx_word' id='word_1_111' title='bbox 1323 1374 1585 1427; x_wconf 87' lang='lat' dir='ltr'>modestia</span> <span class='ocrx_word' id='word_1_112' title='bbox 1622 1374 1762 1442; x_wconf 86' lang='lat' dir='ltr'>lecti,</span> 
     </span>
    </p>

    <p class='ocr_par' dir='ltr' id='par_1_13' title="bbox 195 1448 1425 1516">
     <span class='ocr_line' id='line_1_18' title="bbox 195 1448 1425 1516; baseline -0.003 -13"><span class='ocrx_word' id='word_1_113' title='bbox 195 1450 239 1504; x_wconf 93' lang='lat' dir='ltr'>O</span> <span class='ocrx_word' id='word_1_114' title='bbox 278 1451 410 1503; x_wconf 91' lang='lat' dir='ltr'>mihi</span> <span class='ocrx_word' id='word_1_115' title='bbox 447 1449 739 1503; x_wconf 77' lang='lat' dir='ltr'>Laurentes</span> <span class='ocrx_word' id='word_1_116' title='bbox 776 1449 915 1501; x_wconf 88' lang='lat' dir='ltr'>inter</span> <span class='ocrx_word' id='word_1_117' title='bbox 953 1448 1148 1500; x_wconf 88' lang='lat' dir='ltr'>dilecta</span> <span class='ocrx_word' id='word_1_118' title='bbox 1185 1448 1425 1516; x_wconf 74' lang='lat' dir='ltr'>puellas?</span> 
     </span>
    </p>

    <p class='ocr_par' dir='ltr' id='par_1_14' title="bbox 194 1520 1952 1736">
     <span class='ocr_line' id='line_1_19' title="bbox 196 1520 1678 1592; baseline -0.003 -16"><span class='ocrx_word' id='word_1_119' title='bbox 196 1523 325 1585; x_wconf 81' lang='lat' dir='ltr'>Quis</span> <span class='ocrx_word' id='word_1_120' title='bbox 364 1542 573 1576; x_wconf 91' lang='lat' dir='ltr'>morum</span> <span class='ocrx_word' id='word_1_121' title='bbox 609 1523 833 1592; x_wconf 90' lang='lat' dir='ltr'>fideique</span> <span class='ocrx_word' id='word_1_122' title='bbox 874 1521 1098 1574; x_wconf 74' lang='lat' dir='ltr'>modus?</span> <span class='ocrx_word' id='word_1_123' title='bbox 1138 1538 1496 1588; x_wconf 88' lang='lat' dir='ltr'>numquamne</span> <span class='ocrx_word' id='word_1_124' title='bbox 1534 1520 1678 1572; x_wconf 90' lang='lat' dir='ltr'>uirili</span> 
     </span>
     <span class='ocr_line' id='line_1_20' title="bbox 197 1592 1952 1665; baseline -0.002 -16"><span class='ocrx_word' id='word_1_125' title='bbox 197 1596 536 1649; x_wconf 81' lang='lat' dir='ltr'>Summittere</span> <span class='ocrx_word' id='word_1_126' title='bbox 574 1595 738 1665; x_wconf 74' lang='lat' dir='ltr'>iugo?</span> <span class='ocrx_word' id='word_1_127' title='bbox 777 1595 955 1647; x_wconf 88' lang='lat' dir='ltr'>ueniet</span> <span class='ocrx_word' id='word_1_128' title='bbox 991 1595 1098 1646; x_wconf 91' lang='lat' dir='ltr'>iam</span> <span class='ocrx_word' id='word_1_129' title='bbox 1134 1592 1343 1648; x_wconf 81' lang='lat' dir='ltr'>tristior</span> <span class='ocrx_word' id='word_1_130' title='bbox 1381 1595 1543 1646; x_wconf 79' lang='lat' dir='ltr'>aetas,</span> <span class='ocrx_word' id='word_1_131' title='bbox 1869 1605 1952 1646; x_wconf 84' lang='lat'>165</span> 
     </span>
     <span class='ocr_line' id='line_1_21' title="bbox 194 1660 1520 1736; baseline -0.003 -14"><span class='ocrx_word' id='word_1_132' title='bbox 194 1670 396 1723; x_wconf 88' lang='lat' dir='ltr'>Exerce</span> <span class='ocrx_word' id='word_1_133' title='bbox 433 1670 662 1722; x_wconf 86' lang='lat' dir='ltr'>formam</span> <span class='ocrx_word' id='word_1_134' title='bbox 705 1671 759 1721; x_wconf 87' lang='lat' dir='ltr'>et</span> <span class='ocrx_word' id='word_1_135' title='bbox 796 1665 1146 1736; x_wconf 77' lang='lat' dir='ltr'>fugientibus</span> <span class='ocrx_word' id='word_1_136' title='bbox 1151 1660 1313 1718; x_wconf 89' lang='lat' dir='ltr'>utere</span> <span class='ocrx_word' id='word_1_137' title='bbox 1352 1666 1520 1718; x_wconf 79' lang='lat' dir='ltr'>donis,</span> 
     </span>
    </p>

    <p class='ocr_par' dir='ltr' id='par_1_15' title="bbox 194 1740 1578 1808">
     <span class='ocr_line' id='line_1_22' title="bbox 194 1740 1578 1808; baseline -0.004 -13"><span class='ocrx_word' id='word_1_138' title='bbox 194 1740 320 1795; x_wconf 90' lang='lat' dir='ltr'>Non</span> <span class='ocrx_word' id='word_1_139' title='bbox 356 1743 474 1795; x_wconf 91' lang='lat' dir='ltr'>ideo</span> <span class='ocrx_word' id='word_1_140' title='bbox 513 1743 613 1794; x_wconf 92' lang='lat' dir='ltr'>tibi</span> <span class='ocrx_word' id='word_1_141' title='bbox 650 1742 759 1794; x_wconf 88' lang='lat' dir='ltr'>tale</span> <span class='ocrx_word' id='word_1_142' title='bbox 798 1741 955 1792; x_wconf 86' lang='lat' dir='ltr'>decus</span> <span class='ocrx_word' id='word_1_143' title='bbox 994 1740 1279 1808; x_wconf 90' lang='lat' dir='ltr'>uultusque</span> <span class='ocrx_word' id='word_1_144' title='bbox 1318 1740 1578 1807; x_wconf 86' lang='lat' dir='ltr'>superbos</span> 
     </span>
    </p>

    <p class='ocr_par' dir='ltr' id='par_1_16' title="bbox 194 1813 1632 1884">
     <span class='ocr_line' id='line_1_23' title="bbox 194 1813 1632 1884; baseline -0.003 -16"><span class='ocrx_word' id='word_1_145' title='bbox 194 1814 386 1884; x_wconf 88' lang='lat' dir='ltr'>Meque</span> <span class='ocrx_word' id='word_1_146' title='bbox 427 1815 561 1883; x_wconf 85' lang='lat' dir='ltr'>dedi,</span> <span class='ocrx_word' id='word_1_147' title='bbox 599 1814 788 1867; x_wconf 89' lang='lat' dir='ltr'>uiduos</span> <span class='ocrx_word' id='word_1_148' title='bbox 826 1816 888 1866; x_wconf 88' lang='lat' dir='ltr'>ut</span> <span class='ocrx_word' id='word_1_149' title='bbox 924 1813 1296 1865; x_wconf 22' lang='lat' dir='ltr'>transmittare*</span> <span class='ocrx_word' id='word_1_150' title='bbox 1328 1830 1423 1880; x_wconf 89' lang='lat' dir='ltr'>per</span> <span class='ocrx_word' id='word_1_151' title='bbox 1462 1829 1632 1864; x_wconf 86' lang='lat' dir='ltr'>annos</span> 
     </span>
    </p>

    <p class='ocr_par' dir='ltr' id='par_1_17' title="bbox 194 1886 1952 2099">
     <span class='ocr_line' id='line_1_24' title="bbox 197 1886 1691 1953; baseline -0.003 -12"><span class='ocrx_word' id='word_1_152' title='bbox 197 1887 307 1941; x_wconf 83' lang='lat' dir='ltr'>Ceu</span> <span class='ocrx_word' id='word_1_153' title='bbox 345 1907 457 1941; x_wconf 89' lang='lat' dir='ltr'>non</span> <span class='ocrx_word' id='word_1_154' title='bbox 495 1906 619 1941; x_wconf 88' lang='lat' dir='ltr'>cara</span> <span class='ocrx_word' id='word_1_155' title='bbox 657 1887 803 1940; x_wconf 87' lang='lat' dir='ltr'>mihi.</span> <span class='ocrx_word' id='word_1_156' title='bbox 880 1886 1011 1938; x_wconf 87' lang='lat' dir='ltr'>satis</span> <span class='ocrx_word' id='word_1_157' title='bbox 1050 1904 1082 1937; x_wconf 93' lang='lat'>0</span> <span class='ocrx_word' id='word_1_158' title='bbox 1122 1886 1448 1953; x_wconf 89' lang='lat' dir='ltr'>nimiumque</span> <span class='ocrx_word' id='word_1_159' title='bbox 1486 1886 1691 1952; x_wconf 89' lang='lat' dir='ltr'>priores</span> 
     </span>
     <span class='ocr_line' id='line_1_25' title="bbox 194 1958 1952 2030; baseline -0.002 -16"><span class='ocrx_word' id='word_1_160' title='bbox 194 1962 511 2030; x_wconf 87' lang='lat' dir='ltr'>Despexisse</span> <span class='ocrx_word' id='word_1_161' title='bbox 549 1979 754 2029; x_wconf 88' lang='lat' dir='ltr'>procos.</span> <span class='ocrx_word' id='word_1_162' title='bbox 831 1962 886 2010; x_wconf 91' lang='lat' dir='ltr'>at</span> <span class='ocrx_word' id='word_1_163' title='bbox 923 1959 1066 2010; x_wconf 88' lang='lat' dir='ltr'>enim</span> <span class='ocrx_word' id='word_1_164' title='bbox 1102 1958 1188 2010; x_wconf 83' lang='lat' dir='ltr'>hic</span> <span class='ocrx_word' id='word_1_165' title='bbox 1226 1959 1326 2009; x_wconf 87' lang='lat' dir='ltr'>tibi</span> <span class='ocrx_word' id='word_1_166' title='bbox 1365 1958 1624 2026; x_wconf 89' lang='lat' dir='ltr'>sanguine</span> <span class='ocrx_word' id='word_1_167' title='bbox 1661 1961 1778 2011; x_wconf 89' lang='lat' dir='ltr'>toto</span> <span class='ocrx_word' id='word_1_168' title='bbox 1870 1971 1952 2010; x_wconf 90' lang='grc'>170</span> 
     </span>
     <span class='ocr_line' id='line_1_26' title="bbox 194 2031 1579 2099; baseline -0.004 -11"><span class='ocrx_word' id='word_1_169' title='bbox 194 2034 419 2088; x_wconf 89' lang='lat' dir='ltr'>Deditus</span> <span class='ocrx_word' id='word_1_170' title='bbox 458 2053 620 2086; x_wconf 88' lang='lat' dir='ltr'>unam</span> <span class='ocrx_word' id='word_1_171' title='bbox 659 2050 843 2086; x_wconf 91' lang='lat' dir='ltr'>omnes</span> <span class='ocrx_word' id='word_1_172' title='bbox 882 2033 1021 2084; x_wconf 87' lang='lat' dir='ltr'>inter</span> <span class='ocrx_word' id='word_1_173' title='bbox 1057 2031 1280 2083; x_wconf 89' lang='lat' dir='ltr'>miratur</span> <span class='ocrx_word' id='word_1_174' title='bbox 1317 2034 1579 2099; x_wconf 82' lang='lat' dir='ltr'>amatque,</span> 
     </span>
    </p>

    <p class='ocr_par' dir='ltr' id='par_1_18' title="bbox 194 2104 1849 2248">
     <span class='ocr_line' id='line_1_27' title="bbox 194 2104 1849 2174; baseline -0.003 -13"><span class='ocrx_word' id='word_1_175' title='bbox 194 2107 309 2161; x_wconf 88' lang='lat' dir='ltr'>Nec</span> <span class='ocrx_word' id='word_1_176' title='bbox 345 2109 552 2160; x_wconf 87' lang='lat' dir='ltr'>formae</span> <span class='ocrx_word' id='word_1_177' title='bbox 589 2124 686 2160; x_wconf 89' lang='lat' dir='ltr'>nec</span> <span class='ocrx_word' id='word_1_178' title='bbox 725 2106 905 2174; x_wconf 86' lang='lat' dir='ltr'>stirpis</span> <span class='ocrx_word' id='word_1_179' title='bbox 945 2121 1130 2173; x_wconf 88' lang='lat' dir='ltr'>egens:</span> <span class='ocrx_word' id='word_1_180' title='bbox 1170 2122 1295 2156; x_wconf 89' lang='lat' dir='ltr'>nam.</span> <span class='ocrx_word' id='word_1_181' title='bbox 1335 2104 1493 2156; x_wconf 90' lang='lat' dir='ltr'>docta</span> <span class='ocrx_word' id='word_1_182' title='bbox 1529 2121 1625 2171; x_wconf 93' lang='lat' dir='ltr'>per</span> <span class='ocrx_word' id='word_1_183' title='bbox 1662 2105 1849 2156; x_wconf 89' lang='lat' dir='ltr'>urbem</span> 
     </span>
     <span class='ocr_line' id='line_1_28' title="bbox 198 2176 1710 2248; baseline -0.004 -14"><span class='ocrx_word' id='word_1_184' title='bbox 198 2180 449 2234; x_wconf 84' lang='lat' dir='ltr'>Carmina</span> <span class='ocrx_word' id='word_1_185' title='bbox 487 2181 577 2248; x_wconf 92' lang='lat' dir='ltr'>qui</span> <span class='ocrx_word' id='word_1_186' title='bbox 614 2182 848 2243; x_wconf 87' lang='lat' dir='ltr'>iuuenes,</span> <span class='ocrx_word' id='word_1_187' title='bbox 888 2194 1022 2247; x_wconf 90' lang='lat' dir='ltr'>quae</span> <span class='ocrx_word' id='word_1_188' title='bbox 1060 2194 1171 2229; x_wconf 88' lang='grc'><strong>11011</strong></span> <span class='ocrx_word' id='word_1_189' title='bbox 1201 2176 1426 2229; x_wconf 86' lang='lat' dir='ltr'>didicere</span> <span class='ocrx_word' id='word_1_190' title='bbox 1463 2177 1710 2245; x_wconf 79' lang='lat' dir='ltr'>puellae?</span> 
     </span>
    </p>

    <p class='ocr_par' dir='ltr' id='par_1_19' title="bbox 194 2249 1500 2322">
     <span class='ocr_line' id='line_1_29' title="bbox 194 2249 1500 2322; baseline -0.005 -15"><span class='ocrx_word' id='word_1_191' title='bbox 194 2255 354 2308; x_wconf 91' lang='lat' dir='ltr'>Hunc</span> <span class='ocrx_word' id='word_1_192' title='bbox 393 2257 448 2306; x_wconf 91' lang='lat' dir='ltr'>et</span> <span class='ocrx_word' id='word_1_193' title='bbox 483 2254 566 2306; x_wconf 93' lang='lat' dir='ltr'>bis</span> <span class='ocrx_word' id='word_1_194' title='bbox 607 2271 763 2305; x_wconf 89' lang='lat' dir='ltr'>senos</span> <span class='ocrx_word' id='word_1_195' title='bbox 802 2250 901 2322; x_wconf 81' lang='lat' dir='ltr'>(sic</span> <span class='ocrx_word' id='word_1_196' title='bbox 938 2249 1273 2319; x_wconf 87' lang='lat' dir='ltr'>indulgentia</span> <span class='ocrx_word' id='word_1_197' title='bbox 1308 2253 1500 2319; x_wconf 88' lang='lat' dir='ltr'>pergat</span> 
     </span>
    </p>

    <p class='ocr_par' dir='ltr' id='par_1_20' title="bbox 195 2323 1950 2464">
     <span class='ocr_line' id='line_1_30' title="bbox 195 2323 1950 2396; baseline -0.005 -15"><span class='ocrx_word' id='word_1_198' title='bbox 195 2327 459 2381; x_wconf 87' lang='lat' dir='ltr'>Praesidis</span> <span class='ocrx_word' id='word_1_199' title='bbox 499 2324 748 2396; x_wconf 90' lang='lat' dir='ltr'>Ausonii)</span> <span class='ocrx_word' id='word_1_200' title='bbox 788 2342 969 2377; x_wconf 88' lang='lat' dir='ltr'>cernes</span> <span class='ocrx_word' id='word_1_201' title='bbox 1008 2323 1251 2375; x_wconf 85' lang='lat' dir='ltr'>attollere</span> <span class='ocrx_word' id='word_1_202' title='bbox 1290 2323 1460 2375; x_wconf 87' lang='lat' dir='ltr'>fasces</span> <span class='ocrx_word' id='word_1_203' title='bbox 1870 2334 1950 2375; x_wconf 84' lang='grc'>175</span> 
     </span>
     <span class='ocr_line' id='line_1_31' title="bbox 195 2394 1528 2469; baseline -0.006 -15"><span class='ocrx_word' id='word_1_204' title='bbox 195 2401 338 2453; x_wconf 85' lang='lat' dir='ltr'>Ante</span> <span class='ocrx_word' id='word_1_205' title='bbox 377 2401 536 2469; x_wconf 84' lang='lat' dir='ltr'>diem3</span> <span class='ocrx_word' id='word_1_206' title='bbox 577 2402 719 2451; x_wconf 87' lang='lat' dir='ltr'>certe</span> <span class='ocrx_word' id='word_1_207' title='bbox 756 2399 864 2450; x_wconf 91' lang='lat' dir='ltr'>iam</span> <span class='ocrx_word' id='word_1_208' title='bbox 903 2414 1045 2448; x_wconf 88' lang='lat' dir='ltr'>nunc</span> <span class='ocrx_word' id='word_1_209' title='bbox 1084 2394 1336 2464; x_wconf 85' lang='lat' dir='ltr'>Cybeleia</span> <span class='ocrx_word' id='word_1_210' title='bbox 1372 2396 1528 2447; x_wconf 91' lang='lat' dir='ltr'>nouit</span> 
     </span>
    </p>

    <p class='ocr_par' dir='ltr' id='par_1_21' title="bbox 195 2466 1635 2538">
     <span class='ocr_line' id='line_1_32' title="bbox 195 2466 1635 2538; baseline -0.005 -11"><span class='ocrx_word' id='word_1_211' title='bbox 195 2474 407 2527; x_wconf 89' lang='lat' dir='ltr'>Limina</span> <span class='ocrx_word' id='word_1_212' title='bbox 445 2476 500 2525; x_wconf 92' lang='lat' dir='ltr'>et</span> <span class='ocrx_word' id='word_1_213' title='bbox 535 2472 803 2524; x_wconf 82' lang='lat' dir='ltr'>Euboicae</span> <span class='ocrx_word' id='word_1_214' title='bbox 842 2487 1055 2523; x_wconf 86' lang='lat' dir='ltr'>carmen</span> <span class='ocrx_word' id='word_1_215' title='bbox 1093 2468 1224 2538; x_wconf 77' lang='lat' dir='ltr'>legit</span> <span class='ocrx_word' id='word_1_216' title='bbox 1261 2469 1348 2520; x_wconf 90' lang='lat' dir='ltr'>ille</span> <span class='ocrx_word' id='word_1_217' title='bbox 1388 2466 1635 2536; x_wconf 81' lang='lat' dir='ltr'>Sibyllae.</span> 
     </span>
    </p>
   </div>
   <div class='ocr_carea' id='block_1_3' title="bbox 215 2622 546 2628">
    <p class='ocr_par' dir='ltr' id='par_1_22' title="bbox 215 2622 546 2628">
     <span class='ocr_line' id='line_1_33' title="bbox 215 2622 546 2628; baseline 0 0"><span class='ocrx_word' id='word_1_218' title='bbox 215 2622 546 2628; x_wconf 95' lang='lat' dir='ltr'> </span> 
     </span>
    </p>
   </div>
   <div class='ocr_carea' id='block_1_4' title="bbox 194 2711 1950 2893">
    <p class='ocr_par' dir='ltr' id='par_1_23' title="bbox 194 2711 1950 2893">
     <span class='ocr_line' id='line_1_34' title="bbox 315 2711 1950 2772; baseline -0.006 -7"><span class='ocrx_word' id='word_1_219' title='bbox 315 2726 397 2765; x_wconf 87' lang='grc'>147</span> <span class='ocrx_word' id='word_1_220' title='bbox 437 2718 598 2764; x_wconf 80' lang='lat' dir='ltr'>uiridis</span> <span class='ocrx_word' id='word_1_221' title='bbox 638 2722 666 2760; x_wconf 83' lang='lat' dir='ltr'>c</span> <span class='ocrx_word' id='word_1_222' title='bbox 705 2733 732 2759; x_wconf 81' lang='lat' dir='ltr'>a</span> <span class='ocrx_word' id='word_1_223' title='bbox 770 2718 840 2772; x_wconf 80' lang='lat' dir='ltr'>(de</span> <span class='ocrx_word' id='word_1_224' title='bbox 878 2720 915 2759; x_wconf 78' lang='lat' dir='ltr'>A</span> <span class='ocrx_word' id='word_1_225' title='bbox 957 2729 1051 2761; x_wconf 72' lang='lat' dir='ltr'>non</span> <span class='ocrx_word' id='word_1_226' title='bbox 1082 2716 1262 2772; x_wconf 77' lang='lat' dir='ltr'>liquet).·</span> <span class='ocrx_word' id='word_1_227' title='bbox 1291 2713 1450 2758; x_wconf 78' lang='lat' dir='ltr'>nitidis</span> <span class='ocrx_word' id='word_1_228' title='bbox 1481 2714 1612 2758; x_wconf 88' lang='lat' dir='ltr'>Dom.</span> <span class='ocrx_word' id='word_1_229' title='bbox 1638 2715 1654 2770; x_wconf 77' lang='grc' dir='ltr'>ΙΙ</span> <span class='ocrx_word' id='word_1_230' title='bbox 1678 2717 1762 2758; x_wconf 83' lang='lat'>150</span> <span class='ocrx_word' id='word_1_231' title='bbox 1794 2711 1950 2770; x_wconf 84' lang='lat' dir='ltr'>saepe]</span> 
     </span>
     <span class='ocr_line' id='line_1_35' title="bbox 197 2771 1950 2832; baseline -0.005 -8"><span class='ocrx_word' id='word_1_232' title='bbox 197 2779 319 2824; x_wconf 87' lang='lat' dir='ltr'>cedit</span> <span class='ocrx_word' id='word_1_233' title='bbox 351 2778 550 2831; x_wconf 76' lang='lat' dir='ltr'>Markl.;</span> <span class='ocrx_word' id='word_1_234' title='bbox 590 2781 704 2832; x_wconf 66' lang='lat' dir='ltr'>puto</span> <span class='ocrx_word' id='word_1_235' title='bbox 751 2776 906 2820; x_wconf 65' lang='lat' dir='ltr'>sordet</span> <span class='ocrx_word' id='word_1_236' title='bbox 949 2776 965 2831; x_wconf 87' lang='grc' dir='ltr'>ΙΙ</span> <span class='ocrx_word' id='word_1_237' title='bbox 1019 2779 1104 2818; x_wconf 81' lang='lat'>154</span> <span class='ocrx_word' id='word_1_238' title='bbox 1135 2771 1334 2818; x_wconf 81' lang='lat' dir='ltr'>demissa</span> <span class='ocrx_word' id='word_1_239' title='bbox 1366 2777 1414 2816; x_wconf 83' lang='lat' dir='ltr'>c.</span> <span class='ocrx_word' id='word_1_240' title='bbox 1447 2772 1637 2816; x_wconf 83' lang='lat' dir='ltr'>decussa</span> <span class='ocrx_word' id='word_1_241' title='bbox 1683 2775 1712 2816; x_wconf 83' lang='grc' dir='ltr'><strong>ς</strong></span> <span class='ocrx_word' id='word_1_242' title='bbox 1745 2787 1771 2814; x_wconf 86' lang='grc'><strong>3</strong></span> <span class='ocrx_word' id='word_1_243' title='bbox 1808 2774 1823 2828; x_wconf 75' lang='lat' dir='ltr'>u</span> <span class='ocrx_word' id='word_1_244' title='bbox 1866 2775 1950 2816; x_wconf 88' lang='grc'>161</span> 
     </span>
     <span class='ocr_line' id='line_1_36' title="bbox 194 2832 1398 2893; baseline -0.007 -11"><span class='ocrx_word' id='word_1_245' title='bbox 194 2839 413 2882; x_wconf 85' lang='lat' dir='ltr'>recliuem</span> <span class='ocrx_word' id='word_1_246' title='bbox 447 2841 475 2879; x_wconf 81' lang='lat' dir='ltr'><strong>G</strong></span> <span class='ocrx_word' id='word_1_247' title='bbox 506 2838 570 2893; x_wconf 75' lang='grc'>311</span> <span class='ocrx_word' id='word_1_248' title='bbox 595 2840 677 2880; x_wconf 81' lang='grc'>169</span> <span class='ocrx_word' id='word_1_249' title='bbox 711 2835 837 2879; x_wconf 83' lang='lat' dir='ltr'>clara</span> <span class='ocrx_word' id='word_1_250' title='bbox 868 2839 895 2875; x_wconf 86' lang='lat' dir='ltr'><strong>c</strong></span> <span class='ocrx_word' id='word_1_251' title='bbox 927 2849 954 2875; x_wconf 84' lang='lat' dir='ltr'>a</span> <span class='ocrx_word' id='word_1_252' title='bbox 976 2836 990 2889; x_wconf 79' lang='grc' dir='ltr'>Η</span> <span class='ocrx_word' id='word_1_253' title='bbox 1018 2839 1098 2877; x_wconf 87' lang='grc'>176</span> <span class='ocrx_word' id='word_1_254' title='bbox 1130 2832 1280 2877; x_wconf 89' lang='lat' dir='ltr'>mouit</span> <span class='ocrx_word' id='word_1_255' title='bbox 1311 2836 1338 2873; x_wconf 84' lang='lat' dir='ltr'><strong>c</strong></span> <span class='ocrx_word' id='word_1_256' title='bbox 1370 2838 1398 2873; x_wconf 71' lang='lat' dir='ltr'>a</span> 
     </span>
    </p>
   </div>
  </div>
 </body>
</html>
