2014 3164
159 191 228 244 10
771 191 820 234 P.
853 190 1080 235 PAPINII
1110 190 1308 235 STATII

156 310 285 373 Quis
324 311 469 363 rudis
509 327 674 378 usque
713 309 844 362 adeo
885 310 976 378 qui
1014 327 1138 376 non,
1175 312 1236 360 ut
1273 308 1466 360 uiderit
1504 309 1706 377 ambOS,

153 384 387 436 Tantum
427 384 569 435 dicat
608 401 771 451 equos
810 386 1069 451 quantum
1116 382 1317 434 distare
1349 381 1629 450 regentes?
1855 396 1911 435 90

153 456 279 510 Non
316 458 416 509 hoc
455 455 752 508 imbriferas
791 455 992 507 hiemes
1032 473 1165 523 opus
1205 457 1298 506 aut
1334 453 1478 506 Iouis
1516 455 1698 523 ignem

154 530 543 600 Tergeminum‚
583 528 759 581 Aeolii
797 547 907 581 non
947 528 1166 597 agmina
1203 527 1427 579 carceris
1465 527 1648 579 horret

152 603 501 656 Annorumue
540 620 740 654 moras:
782 602 961 669 stabit,
1000 601 1124 652 dum
1162 603 1306 652 terra
1344 600 1618 668 polusque,

151 675 294 727 Dum
332 675 575 727 Romana
613 675 738 727 dies.
813 675 917 726 huc
956 676 1010 725 et
1048 674 1146 726 sub
1184 676 1340 725 nocte
1381 674 1575 739 silenti,

153 748 285 801 Cum
326 749 528 817 superis
568 751 779 799 terrena
817 747 1054 815 placent,
1092 749 1186 798 tua
1221 746 1380 798 turba
1417 746 1601 798 relicto
1855 758 1912 799 95

151 821 383 874 Labetur
424 822 568 873 caelo
607 821 954 888 miscebitque
994 820 1174 872 oscula
1210 820 1373 871 iuxta.

149 894 259 946 Ibit
296 895 354 947 in
393 896 666 962 amplexus
704 899 862 946 natus
902 893 1167 960 fraterque
1206 895 1462 960 paterque

148 967 224 1020 Et
262 986 433 1020 soror:
473 986 580 1019 una
619 968 792 1019 locum
831 967 1006 1018 ceruix
1046 966 1196 1017 dabit
1233 965 1480 1018 omnibus
1521 966 1692 1018 astris.

149 1040 313 1093 Utere
353 1044 668 1109 perpetuum
707 1039 891 1108 populi
929 1039 1212 1108 magnique
1253 1041 1469 1090 senatus

148 1113 383 1166 Munere.
459 1113 711 1182 Apelleae
750 1116 1002 1180 cuperent
1039 1116 1092 1163 te
1126 1111 1354 1164 scribere
1394 1128 1558 1180 cerae,
1827 1125 1911 1165 100

149 1187 504 1256 Optassetque
543 1205 686 1239 nouo
727 1186 952 1238 similem
990 1188 1043 1237 te
1083 1202 1279 1253 ponere
1318 1185 1519 1253 templo

147 1261 358 1313 Atticus
398 1260 517 1311 Elei
556 1260 732 1312 senior
768 1259 936 1327 Iouis3
977 1261 1031 1310 et
1067 1262 1161 1310 tua
1198 1258 1343 1310 mitis

148 1333 253 1386 Ora
292 1333 514 1401 TaranS,
551 1335 646 1384 tua
684 1332 912 1384 sidereas
950 1331 1219 1382 imitantia
1255 1331 1498 1382 flammas

147 1406 374 1458 Lumina
413 1407 720 1472 contempto
761 1405 946 1455 mallet
982 1403 1204 1456 Rhodos
1244 1421 1433 1471 aspera
1471 1403 1703 1456 Phoebo.

147 1478 336 1532 Certus
378 1496 521 1530 ames
560 1481 729 1530 terras
770 1480 823 1529 et
861 1495 995 1545 quae
1034 1477 1133 1528 tibi
1171 1476 1372 1544 templa
1410 1476 1662 1545 dicamus,
1826 1490 1910 1530 105

145 1553 266 1621 Ipse
306 1552 473 1619 colas3
512 1569 611 1603 nec
649 1555 702 1603 te
743 1550 875 1603 caeli
911 1550 1058 1601 iuuet
1097 1549 1234 1617 aula,
1272 1552 1499 1618 tuosque

145 1626 341 1678 Laetus
380 1625 504 1677 huic
544 1625 685 1677 dono
725 1624 907 1676 uideas
947 1623 1071 1675 dare
1109 1626 1231 1674 tura
1267 1625 1506 1691 nepotes,

996 1783 1065 1837 II.

276 1885 747 1931 EPITHALAMIUM
776 1885 843 1928 IN
874 1883 1158 1928 STELLAM
1188 1883 1266 1927 ET
1298 1883 1774 1930 UIOLENTILLAM.

143 1978 299 2031 Unde
342 1994 492 2028 sacro
532 1975 674 2027 Latii
714 1976 1008 2027 sonuerunt
1046 1975 1281 2026 carmine
1324 1974 1568 2027 montes?

144 2051 258 2119 Cui,
294 2050 486 2117 Paean,
524 2067 667 2101 noua
705 2049 906 2116 plectra
943 2065 1126 2100 moues
1165 2047 1492 2116 humeroque
1532 2048 1769 2100 comanti

143 2124 451 2177 Facundum
492 2121 770 2190 suspendis
810 2121 975 2173 ebur‘?
1015 2121 1200 2189 procul
1239 2138 1357 2173 0000
1396 2139 1590 2174 canoro

261 2283 283 2325 I
315 2286 396 2325 107
430 2279 756 2324 Priscianus
786 2278 830 2321 Π
861 2293 906 2334 p.
942 2284 995 2323 10
1027 2279 1186 2323 Hertz:
1227 2278 1431 2323 ‘Statius
1462 2292 1646 2335 quoque
1678 2279 1806 2323 huic
1837 2279 1904 2323 ui-

142 2343 277 2386 detur
321 2338 570 2396 protulisse
615 2351 697 2394 per
742 2337 970 2382 diaeresin
1015 2337 1065 2381 in
1108 2338 1258 2394 primo
1303 2337 1548 2382 siluarum:
1595 2335 1802 2382 Laetus
1850 2364 1903 2370 --

143 2399 417 2456 nepotes'.

260 2578 316 2617 94
346 2573 437 2616 huc
470 2575 522 2615 ‘32
561 2572 649 2615 hoc
680 2574 717 2613 A
741 2575 769 2612 c
804 2572 808 2625 Ι
844 2571 948 2624 fort.
982 2584 1038 2614 en
1061 2572 1076 2627 ΙΙ
1100 2575 1155 2614 96
1185 2570 1315 2614 iuxta
1345 2573 1382 2612 A
1406 2575 1455 2614 0:
1487 2570 1647 2615 iuncta
1678 2586 1724 2625 ας
1759 2572 1905 2627 maqis

137 2634 369 2689 placerent
406 2630 562 2674 oscula
600 2631 731 2672 muta
768 2630 783 2685 ΙΙ
823 2634 907 2673 100
944 2630 1160 2685 pelle(a)e
1199 2633 1227 2670 c
1258 2643 1307 2683 a,
1345 2642 1458 2673 corr.
1494 2632 1522 2672 ς
1561 2631 1576 2685 ΙΙ
1618 2634 1700 2672 102
1734 2629 1901 2687 senior]

142 2691 324 2748 genitor
354 2689 619 2743 Liuineius,
653 2689 738 2731 alii
769 2689 865 2731 alia
887 2690 903 2744 ΙΙ
929 2693 1010 2731 103
1042 2689 1200 2732 taraus
1230 2691 1278 2730 c:
1310 2688 1477 2730 tonans
1511 2691 1539 2731 ς
1565 2703 1591 2729 ει
1613 2689 1629 2744 ΙΙ
1657 2693 1736 2731 107
1761 2689 1904 2747 Letus

141 2754 178 2792 A
211 2755 239 2792 c
280 2749 574 2792 Priscianus:
620 2746 808 2790 Laetius
857 2750 885 2790 ς
943 2748 948 2801 Ι
1004 2748 1111 2790 tura
1149 2749 1200 2790 ⁴3:
1239 2746 1341 2789 iura
1379 2750 1407 2787 c
1439 2760 1486 2801 a,
1529 2745 1766 2791 Prisciani
1796 2747 1905 2791 libri

139 2810 233 2861 fere
264 2820 411 2851 omnes

259 2867 312 2910 ΙΙ.
346 2863 713 2921 Epithalamium
745 2867 802 2906 A:
836 2863 1182 2919 Epithalamion
1213 2867 1241 2904 c
