1994 3112
173 149 258 177 vm
737 131 1016 177 EDITORIS
1048 131 1404 177 PRAEFATIO.

175 268 307 320 quas
368 251 425 303 in
487 249 823 320 Sangallensi
882 268 938 304 re
998 268 1126 303 uera
1186 252 1426 304 extitisse
1485 268 1776 319 numquam
1835 251 1935 303 tibi

173 324 517 392 persuadeas,
570 323 784 376 silentio
830 324 1169 392 praeteritae3
1218 328 1443 392 suntque
1493 325 1550 376 in
1596 325 1672 376 eis
1718 324 1934 376 maioris

174 397 434 449 momenti
479 397 623 448 haud
673 414 886 464 paucae.
968 397 1146 464 itaque
1195 414 1305 450 non
1355 415 1572 465 possum
1622 395 1935 464 adstipulari

173 467 371 522 Nohlio
405 469 793 522 dissertationis
824 468 1070 528 laudatae
1101 486 1226 538 pgg.
1251 469 1469 522 28—30
1491 468 1746 522 Politiani
1776 469 1933 521 colla-

177 543 410 595 tionibus
449 560 711 594 summam
749 542 907 594 fidem
944 542 1255 594 uindicanti.
1316 542 1391 594 eis
1424 545 1600 594 autem
1637 542 1784 609 locis,
1823 542 1934 610 qui-

178 616 272 668 bus
318 615 614 668 Politianus
661 614 797 666 nihil
851 615 1148 682 adnotauit,
1201 615 1456 667 lectiones
1503 614 1625 666 edit.
1678 614 1935 682 principis

177 687 258 758 (a)
291 690 407 740 tum
439 688 651 740 demum
681 688 783 739 fide
809 691 934 740 sunt
957 688 1165 757 dignae,
1203 706 1324 740 cum
1349 687 1587 740 codicum
1611 687 1935 756 reliquorum

175 759 263 827 [O]
296 761 619 814 testimoniis
652 760 1052 830 confirmantur3
1092 761 1438 813 diffidendum
1462 761 1582 828 illis,
1620 760 1713 812 ubi
1752 760 1819 811 ab
1851 759 1935 812 his

173 834 436 887 recedunt.
512 834 624 902 sed,
683 851 817 903 quae
875 836 956 886 est
1009 834 1166 886 huius
1211 837 1426 887 nostrae
1478 833 1725 886 editionis
1784 832 1938 900 rati0,

174 907 386 1050 omis3is
435 907 722 959 leuioribus
769 907 873 958 nisi
924 907 1160 975 potiores
1200 907 1488 975 scripturas
1528 924 1591 958 ex
1629 920 1663 958 a
1699 923 1809 958 non
1848 905 1936 956 ad·
1993 938 1994 944 =

174 980 314 1032 tuli*
343 1021 355 1033 .

321 1052 685 1122 Sangallensis
725 1056 848 1104 ante
888 1070 933 1104 a.
977 1053 1118 1105 1442
1157 1070 1269 1105 non
1306 1052 1599 1120 descriptus
1640 1069 1754 1104 esse
1793 1051 1937 1103 uide-

173 1129 285 1194 tur3
327 1127 392 1178 cf.
431 1126 490 1179 O.
529 1126 817 1178 Muellerus
857 1128 1058 1194 quaest.
1104 1123 1331 1178 Statian.
1363 1143 1412 1193 p.
1435 1125 1486 1176 4.
1530 1124 1631 1177 hoc
1670 1124 1778 1176 fere
1808 1127 1939 1176 tem-

174 1217 301 1268 pore
341 1199 709 1268 apographum
745 1198 866 1250 inde
896 1199 1096 1251 factum
1126 1199 1428 1267 procreauit
1459 1215 1643 1250 omnes
1675 1198 1766 1265 qui
1797 1215 1938 1250 nunc

175 1275 360 1324 extant
407 1273 572 1324 libros
619 1289 767 1340 ms8.;
816 1272 958 1323 inter
1003 1289 1135 1340 quos
1182 1271 1446 1339 principes
1498 1271 1744 1338 optinent
1792 1271 1938 1322 locos

175 1345 280 1398 duo
321 1345 541 1397 codices.
618 1362 841 1412 quorum
879 1344 1025 1412 prior
1062 1347 1145 1396 est
1181 1343 1564 1411 Rehdiyeranus
1603 1342 1652 1395 S.
1683 1342 1725 1407 I,
1765 1343 1814 1408 6,
1857 1343 1939 1410 17,

175 1418 239 1470 de
284 1436 388 1487 quo
430 1418 725 1470 accuratius
765 1417 876 1485 egit
921 1416 980 1469 O.
1019 1416 1341 1469 Ribbeckius
1382 1415 1688 1484 appendicis
1740 1414 1938 1485 Uergil.

174 1491 339 1560 praef.
390 1510 441 1559 p.
492 1490 739 1543 26—28.
827 1490 1067 1541 imitatur
1115 1492 1295 1542 autem
1343 1488 1431 1541 hic
1480 1489 1614 1541 liber
1666 1489 1935 1556 antiquam

176 1565 516 1633 scripturam,
554 1563 692 1615 unde
730 1580 1006 1631 perperam
1045 1562 1188 1615 docti
1224 1561 1470 1614 nonnulli
1509 1562 1734 1628 saeculo,
1774 1562 1819 1613 si
1858 1561 1938 1613 dis

175 1638 363 1706 placet,
401 1635 534 1688 XIII
571 1637 658 1688 uel
695 1634 825 1702 XIV
864 1635 1221 1704 adsignabant
1270 1635 1508 1687 eundem.
1584 1634 1741 1686 huius
1779 1634 1939 1686 libra-

175 1711 285 1762 rius
323 1710 478 1762 latini
521 1709 780 1761 sermonis
820 1726 986 1776 paene
1010 1709 1244 1777 ignarus,
1282 1725 1402 1759 cum
1433 1707 1746 1776 depingeret
1769 1724 1940 1759 exem-

176 1784 338 1852 plaris
391 1783 605 1850 ductUS,
662 1782 792 1834 locis
851 1781 1114 1850 plerisque
1171 1798 1318 1833 mera
1366 1780 1650 1832 uerborum
1700 1783 1942 1833 monstra

177 1857 409 1924 exhibet3
458 1873 586 1907 nam
639 1854 779 1923 quod
831 1854 1332 1922 interpolationibus
1377 1853 1604 1905 refertus
1654 1856 1734 1905 est
1783 1871 1940 1921 saepe

178 1930 394 1998 crassiS,
438 1946 547 1981 non
593 1928 696 1997 ipsi
735 1927 826 1980 sed
866 1929 977 1979 eius
1016 1927 1303 1995 exemplari
1341 1926 1498 1994 culpa
1536 1925 1725 1978 danda.
1799 1925 1946 1978 Reh-

178 2002 420 2072 digerani
459 2001 630 2054 adhuc
668 2001 788 2069 plus
820 2001 960 2052 iusto
994 2000 1259 2052 aestimati
1291 1999 1631 2051 collationem
1662 1999 1943 2068 diligenter

176 2076 376 2128 factam
425 2075 554 2127 olim
601 2074 757 2126 nobis
803 2073 948 2125 dedit
992 2072 1058 2125 H.
1097 2072 1341 2126 Nohlius.
1415 2072 1537 2124 huic
1582 2071 1720 2124 libro
1761 2075 1942 2124 aucto·

177 2149 338 2202 ritate
375 2148 534 2217 plane
573 2165 670 2215 par
709 2149 790 2199 est
827 2146 992 2199 codex
1029 2147 1299 2210 Budensis,
1337 2162 1478 2197 nunc
1508 2143 1941 2197 Uindobonensis

182 2221 283 2291 (nr
323 2222 430 2274 252
483 2220 640 2288 apud.
680 2219 1058 2272 Endlicherum
1097 2219 1123 2271 Ι
1160 2237 1210 2287 p.
1253 2217 1398 2288 144),
1443 2236 1475 2270 a
1521 2217 1677 2270 docto
1723 2218 1941 2271 librario

180 2291 1942 2436 ΞὲἒΨέῗωῗῃῗέῙέῗὲῗρῗῗζίῗέξῗέἶὲᾎὲἓῗξὲἔῗέἰὲηἶῗὲᾶθ’ἐζέἓῗέἰ

179 2441 236 2493 in
282 2439 516 2492 Budensi
561 2457 851 2508 numquam
899 2438 1248 2490 recedendum
1295 2455 1328 2489 a
1371 2455 1535 2489 manu
1579 2437 1772 2505 prima3
1817 2455 1942 2489 nam

298 2642 339 2698 ²¹⁸)
364 2641 641 2698 ubicumque
672 2641 809 2686 Polit.
840 2640 981 2685 alicui
1011 2640 1199 2708 lectioni
1230 2641 1312 2683 aut
1342 2651 1472 2684 suam
1504 2640 1586 2684 aut
1614 2639 1808 2683 Domitii
1839 2653 1942 2684 con-

181 2702 407 2747 iecturam
462 2699 728 2766 adscripsit,
779 2698 889 2756 quin
934 2698 1065 2743 illam
1118 2698 1169 2742 in
1223 2698 1506 2755 Sangallens'
1474 2713 1511 2741 1
1556 2698 1808 2766 reppererit
1850 2711 1942 2742 non

182 2759 388 2805 dubitaii
432 2761 599 2816 potest.
660 2757 819 2814 itaque
865 2757 1037 2802 talibus
1086 2770 1267 2815 quoque
1309 2756 1422 2801 locis
1469 2760 1506 2798 A
1553 2755 1673 2813 sigla
1713 2755 1942 2800 interdum

181 2833 290 2863 usus
321 2832 434 2863 sum.
