1994 3112
156 211 221 238 xu
715 190 998 236 EDITORIS
1030 189 1385 235 PRAEFATIO.

157 314 398 365 inmensa
449 311 674 364 materia
732 310 1018 378 prudenter
1071 327 1134 362 ea
1187 326 1322 378 quae
1375 309 1595 362 alicuius
1655 308 1914 362 momenti

157 389 336 439 essent
373 385 566 454 eligere
605 387 904 452 coegerunt.

303 457 595 526 Postquam
645 460 822 509 autem
872 456 1143 518 Domitius
1199 452 1510 507 Oalderinus
1562 455 1780 523 eiusque
1806 454 1919 507 ‘ad-

159 532 421 584 uersarius
474 530 713 599 Angelus
766 529 1090 597 Politianus,
1149 527 1338 580 deinde
1391 525 1661 580 Auantius
1728 527 1919 597 quique

158 604 383 657 Aldinas
423 606 756 671 curauerunt,
794 620 918 655 mox
949 601 1261 654 Bernartius
1294 599 1682 668 Geuartiusque
1715 604 1769 652 et
1792 599 1916 652 Gro-

158 678 377 743 nouiUS,
421 679 536 728 tum
584 674 640 729 G.
678 674 933 727 Barthius
983 677 1037 727 et
1073 672 1299 726 Guietus
1337 672 1778 742 Peyraredusque
1823 690 1918 741 pro

160 769 255 803 suo
295 750 519 819 quisque
568 748 785 818 ingenio
832 751 1022 816 poetae
1060 745 1423 815 Neapolitano
1463 746 1690 798 salutem
1728 747 1919 798 lucem-

160 841 260 893 que
301 823 608 889 attulerunt,
648 821 826 873 extitit
857 821 1027 873 eidem
1059 838 1156 888 par
1188 820 1493 872 criticorum
1523 819 1920 872 nobilissimum

161 895 405 966 quodque
429 894 670 947 Dauniae
696 892 961 946 Camenae
986 895 1251 946 amatores
1275 909 1565 960 numquam
1597 892 1728 944 satis
1754 891 1920 959 suspi-

162 971 315 1038 cient,
354 966 612 1021 Nicolaus
644 966 900 1020 Heinsius
933 969 986 1018 et
1013 966 1268 1018 Ieremias
1298 964 1660 1017 Marklandus,
1701 967 1754 1017 et
1777 965 1922 1017 illius

162 1041 375 1112 quidem
416 1041 592 1094 studia
629 1040 943 1108 Papiniana,
982 1042 1171 1107 utpote
1210 1039 1265 1091 in
1305 1038 1416 1091 eius
1449 1037 1786 1091 Aduersariis
1825 1038 1922 1090 cri-

159 1116 280 1168 ticis
319 1115 587 1183 uariisque
628 1112 1026 1166 commentariis
1073 1111 1370 1180 latitantia,
1416 1111 1592 1164 minus
1631 1111 1689 1163 in
1727 1111 1923 1179 uulgus

162 1190 482 1241 enotuerunt
535 1205 705 1255 neque
760 1205 821 1239 eo
875 1203 980 1254 quo
1033 1203 1132 1254 par
1181 1187 1298 1238 erat
1338 1184 1541 1237 honore
1591 1183 1763 1237 adhuc
1803 1186 1928 1236 sunt

160 1258 428 1330 habita*).
491 1260 558 1312 ad
587 1260 745 1312 huius
779 1262 832 1312 et
861 1257 1164 1311 Marklandi
1193 1258 1387 1310 merita
1416 1260 1558 1310 recte
1590 1257 1926 1310 aestimanda

160 1351 453 1403 numquam
502 1332 922 1386 obliuiscendum
961 1334 1063 1398 est,
1109 1331 1218 1382 fere
1259 1348 1471 1383 omnem
1511 1348 1695 1383 eorum
1734 1330 1797 1382 de
1837 1330 1925 1383 sil-

160 1425 348 1460 uarum
389 1406 696 1459 condicione
736 1405 919 1457 critica
955 1403 1210 1456 notitiam
1250 1403 1466 1455 stetisse
1505 1403 1562 1455 in
1601 1403 1926 1456 editionibus

163 1481 370 1549 aliquot
408 1479 661 1546 uetustis3
709 1478 844 1531 unde
891 1477 958 1530 ob
1004 1476 1174 1545 ipsius
1221 1475 1555 1528 fundamenti
1593 1476 1926 1529 incertitudi-

160 1572 284 1606 nem
334 1570 425 1606 eos
476 1571 508 1604 a
555 1569 683 1604 uero
733 1550 1000 1603 interdum
1047 1550 1323 1602 aberrasse
1368 1549 1547 1602 claret.
1630 1550 1812 1618 itaque
1858 1550 1927 1602 ab

158 1626 403 1695 ingeniO,
444 1624 585 1694 quod
622 1624 833 1693 utrique
874 1641 1002 1676 sane
1040 1622 1283 1675 diuinum
1322 1625 1452 1689 erat,
1493 1622 1752 1675 auxilium
1790 1623 1925 1691 peti-

162 1702 376 1766 uerunt3
425 1701 479 1750 et
525 1695 751 1750 accessit
793 1696 1009 1765 ingenio
1057 1695 1272 1748 assidua
1318 1698 1599 1763 poetarum
1637 1695 1924 1747 latinorum

161 1772 322 1825 lectio
364 1788 530 1839 eaque
570 1787 703 1840 quae
742 1769 996 1822 iudicium
1033 1786 1143 1821 non
1182 1768 1433 1821 obrueret
1464 1768 1708 1820 doctrina
1740 1768 1927 1822 solida.

162 1845 246 1898 his
285 1844 575 1897 uirtutibus
621 1842 870 1895 instructi
909 1842 1105 1895 mirum
1143 1843 1226 1893 est
1266 1844 1396 1910 quot
1434 1839 1518 1893 illi
1556 1841 1796 1894 maculas
1837 1842 1927 1894 sil-

161 1918 243 1970 uis
295 1916 636 1984 deterserint,
685 1919 747 1968 ut
783 1915 992 1968 nescias
1047 1914 1154 1967 utri
1202 1931 1384 1966 eorum
1429 1914 1664 1982 palmam
1704 1914 1926 1969 deferas·

163 1991 254 2044 sed
292 1989 565 2056 Heinsius,
605 1989 695 2058 qui
718 2007 842 2046 ,non
878 1988 1078 2040 iustam
1117 1987 1374 2040 siluarum
1410 1988 1776 2040 recensionem
1816 1988 1929 2058 egit

163 2063 255 2117 sed
302 2062 648 2116 desultoriam
693 2062 873 2130 potius
921 2078 1138 2129 operam
1185 2060 1261 2113 eis
1307 2059 1594 2129 impendit,
1637 2061 1816 2114 nescio
1858 2079 1927 2114 an

161 2137 349 2190 natiua
386 2135 589 2206 ingenii
626 2135 885 2187 felicitate
922 2135 1042 2202 plus
1082 2133 1438 2202 praestiterit,
1489 2152 1607 2186 cum
1648 2137 1834 2187 contra
1873 2135 1928 2187 in

160 2208 477 2262 Marklando
517 2209 688 2260 maius
728 2207 920 2260 mentis
970 2224 1191 2260 acumen
1230 2207 1303 2259 sit
1342 2206 1727 2282 admirandum.
1789 2206 1928 2276 quod

281 2413 323 2467 ³⁸)
348 2410 460 2466 quin
493 2409 590 2454 eius
620 2411 753 2453 notas
784 2409 1015 2454 interdum
1047 2408 1192 2453 tacite
1224 2409 1550 2465 excripserunt.
1583 2409 1731 2453 ueluti
1762 2422 1928 2466 nuper-

161 2470 305 2513 rimus
337 2469 558 2514 siluarum
592 2467 752 2523 editor,
785 2467 1017 2512 Gustauus
1045 2467 1289 2525 Queckius,
1322 2467 1382 2512 ad
1404 2467 1469 2512 IV
1500 2472 1541 2521 3,
1574 2471 1646 2523 20,
1678 2469 1929 2524 postquam

163 2528 439 2585 scripturam
463 2526 675 2571 codicum
711 2526 884 2581 attulit,
908 2527 1023 2571 haec
1047 2526 1204 2582 posuit
1231 2525 1389 2583 (praef.
1414 2540 1460 2582 p.
1477 2525 1648 2582 XXII):
1690 2526 1928 2582 ‘Legimus

164 2599 293 2643 ergo:
335 2587 408 2630 hic
437 2598 588 2642 seques
611 2585 778 2641 populi
807 2586 906 2629 vias
935 2589 1172 2641 yrauatus.
1235 2586 1458 2640 scriptum
1488 2584 1641 2628 fuerat
1670 2587 1815 2629 seems
1845 2599 1928 2641 pro

161 2645 341 2702 scynis)
406 2644 575 2688 hausta
614 2645 720 2687 sunt
756 2644 871 2687 haec
910 2656 1057 2699 paene
1096 2643 1157 2687 ad
1194 2642 1388 2687 uerbum
1427 2656 1484 2686 ex
1523 2642 1703 2687 Heinsii
1734 2643 1926 2688 Aduers

161 2719 206 2760 p.
226 2708 324 2747 104.
350 2728 407 2735 ——
433 2704 636 2747 ceterum
661 2701 810 2744 adfuit
832 2701 965 2746 nobis
998 2715 1053 2746 ex
1084 2701 1372 2746 bibliotheca
1401 2700 1719 2745 uniuersitatis
1745 2700 1926 2745 Gottin-

162 2762 316 2818 gensis
355 2761 478 2806 inter
515 2760 611 2805 alia
648 2760 708 2803 ad.
741 2759 940 2805 Statium
979 2759 1260 2816 pertinentia
1299 2759 1534 2815 exemplar
1573 2759 1790 2804 editionis
1822 2760 1928 2804 Lin-

164 2820 519 2876 denbrogianae‚
550 2819 599 2863 in
630 2832 722 2874 qua
746 2818 1035 2863 Burmannus
1062 2831 1166 2862 cum
1185 2831 1289 2862 suas
1319 2819 1418 2863 tum
1435 2817 1615 2862 Heinsii
1642 2818 1930 2863 coniecturas

162 2879 405 2936 plerasque
439 2877 693 2933 adscripsit.
