2014 3164
167 226 200 278 6
783 226 832 270 Ρ.
864 227 1091 272 PAPINII
1122 227 1321 272 STATII

166 346 380 415 longius
425 349 677 413 tractum,
726 346 986 414 quaedam
1032 349 1086 398 et
1130 346 1186 398 in
1232 346 1458 414 singulis
1508 346 1693 398 diebus
1733 347 1921 415 effusa3

166 437 489 488 quamquam
538 420 700 471 timeo
739 436 807 470 ne
846 436 1031 470 uerum
1070 419 1207 470 istuc
1243 436 1429 470 uersus
1469 437 1678 488 quoque
1716 420 1819 487 ipsi
1858 419 1920 471 de
1940 437 1996 477 20

166 510 221 544 se
260 493 501 560 probent.
575 492 778 558 primus
817 491 1026 543 libellus
1073 493 1471 544 sacrosanctum
1509 492 1672 544 habet
1709 494 1921 544 testem:

167 565 480 616 sumendum
520 565 661 616 enim
702 567 817 616 erat
856 563 913 616 ‘a
950 564 1076 616 Ioue
1114 563 1476 632 principium'.
1522 569 1785 621 ,ceterum
1823 565 1921 617 hos

164 656 372 705 uerSUS‚
427 656 559 706 quos
604 638 662 689 in
718 654 910 706 equum
957 638 1245 689 maximum
1291 637 1414 705 feci,
1458 637 1922 706 indulgentissimo

163 712 471 779 imperatori
524 713 738 778 postero
792 710 875 762 die
930 728 1088 778 quam
1141 710 1476 762 dedicauerat
1530 728 1662 784 opus
1714 711 1923 762 tradere
1980 720 1983 722 ’

163 785 338 836 iussus
373 802 504 836 sum.
569 783 817 852 ‘potuisti
848 782 1007 835 illud'
1040 783 1178 835 dicet
1210 783 1400 853 aliquis
1434 783 1513 835 ‘et
1536 786 1661 835 ante
1684 783 1996 841 uidisse’.25

163 856 509 925 respondebis
547 857 641 908 ⁴illi
693 859 775 924 tu,
831 854 996 909 Stella
1049 857 1344 925 carissime,
1397 856 1489 925 qui
1541 857 1925 924 epithalamion

163 935 328 998 tuum,
361 930 502 999 quod
526 929 659 981 mihi
681 930 1002 1003 iniunxeras⁷
1034 930 1136 981 scis
1161 929 1322 982 biduo
1349 929 1620 997 scriptum.
1674 930 1925 981 audacter

162 1005 476 1071 mehercles3
517 1003 608 1055 sed
639 1005 821 1054 tamen
850 1005 1060 1054 tantum
1091 1020 1196 1054 uon
1225 1001 1354 1056 000
1378 1002 1714 1055 hexametros
1745 1003 1924 1054 habet.

163 1081 220 1130 at
256 1077 484 1129 fortasse
523 1080 582 1127 tu
620 1094 717 1144 pro
758 1076 963 1144 collega
1000 1076 1287 1127 mentieris,
1355 1074 1610 1127 Manilius
1650 1078 1792 1128 certe
1815 1074 1923 1128 Uo-

162 1151 355 1219 piscus,
392 1150 475 1202 uir
513 1149 898 1201 eruditissimus
939 1151 992 1199 et
1030 1149 1118 1216 qui
1150 1149 1431 1216 praecipue
1469 1149 1708 1201 uindicat
1746 1167 1777 1200 a
1817 1149 1922 1201 situ
1940 1166 1996 1207 30

118 1283 120 1285 ,
162 1225 366 1276 litteras
412 1223 520 1274 iam
566 1240 734 1290 paene
771 1222 1054 1291 fugienteS‚
1094 1222 1231 1274 solet
1267 1223 1408 1274 ultro
1449 1239 1658 1290 quoque
1704 1222 1923 1274 nomine

162 1315 280 1349 meo
342 1296 583 1365 gloriari,
651 1295 836 1347 uillam
898 1294 1238 1361 Tiburtinam
1300 1313 1450 1347 suam
1512 1295 1831 1363 descriptam
1892 1313 1924 1347 a

161 1370 317 1422 nobis
357 1387 463 1421 uno
505 1368 602 1420 die.
680 1368 918 1436 sequitur
956 1368 1164 1420 libellus
1202 1367 1404 1420 Rutilio
1429 1367 1635 1420 Gallico
1675 1368 1923 1420 conuale-

163 1443 329 1495 scenti
380 1442 672 1509 dedicatus,
720 1441 783 1492 de
831 1459 935 1509 quo
982 1441 1116 1492 nihil
1162 1441 1278 1492 dico
1289 1483 1302 1509 ‚
1347 1457 1414 1493 ne
1459 1440 1642 1493 uidear
1688 1441 1923 1494 defuncti

161 1517 312 1568 testis
345 1515 624 1568 occasione
663 1515 893 1566 mentiri.
953 1531 1077 1566 nam
1103 1511 1291 1565 Claudi
1313 1513 1529 1567 Etrusci
1552 1515 1923 1568 testimonium
1940 1531 1995 1572 35

162 1593 263 1656 est,
314 1590 404 1658 qui
450 1588 756 1640 balneolum
804 1605 836 1639 a
880 1604 964 1639 me
1013 1605 1166 1639 suum
1211 1588 1356 1639 intra
1401 1605 1607 1640 moram
1646 1605 1806 1640 cenae
1844 1605 1921 1639 re-

162 1664 315 1731 cepit.
392 1662 449 1713 in
494 1661 598 1713 fine
647 1664 773 1712 sunt
817 1659 1088 1712 Kalendae
1127 1659 1460 1729 DecembreS‚
1510 1661 1703 1730 quibus
1741 1662 1922 1730 utique

163 1736 416 1788 creditur:
455 1737 667 1786 noctem
708 1734 848 1786 enim
887 1734 1035 1785 illam
1072 1733 1434 1786 felicissimam
1474 1736 1528 1786 et
1554 1734 1921 1803 uoluptatibus

160 1809 388 1877 publicis
426 1809 756 1875 inexpertam
795 1806 1053 1859 celebrant.
1091 1807 1221 1858 παῖε.

1021 1982 1062 2034 Ι.

542 2098 698 2152 EQUS
729 2097 1011 2141 MAXIMUS
1044 2097 1370 2142 DOMITIANI
1398 2097 1522 2143 ΙΜΡ.

162 2191 308 2253 Quae
348 2189 759 2259 superimposito
797 2189 964 2240 moles
1003 2189 1275 2257 geminata
1312 2189 1519 2242 colosso

162 2264 284 2317 Stat
319 2263 532 2316 Latium
572 2263 845 2331 complexa
882 2261 1093 2314 forum?
1132 2262 1348 2315 caelone
1387 2263 1663 2331 peractum

279 2515 336 2554 20
369 2522 651 2565 quamquam
688 2508 831 2552 timeo
868 2509 1052 2563 scripsi:
1093 2521 1235 2563 quam
1263 2506 1406 2552 timeo
1438 2511 1476 2551 Δ
1506 2507 1719 2564 quamuis
1750 2507 1918 2552 mimeo

162 2574 190 2611 c
213 2571 228 2625 ΙΙ
252 2573 308 2612 25
339 2568 488 2612 iussus
521 2582 621 2611 sum
654 2570 704 2610 5:
737 2566 912 2610 iussum
945 2571 974 2608 c
1004 2581 1032 2608 a
1053 2567 1068 2623 ΙΙ
1093 2572 1148 2610 28
1174 2566 1254 2610 sed
1275 2567 1460 2610 tantum
1483 2568 1639 2611 tamen
1663 2568 1919 2610 exametros

162 2633 190 2669 c
222 2643 262 2683 a,
294 2628 471 2671 correoei
503 2661 513 2671 .
547 2626 627 2669 sed
664 2627 819 2669 tamen
859 2624 1144 2669 CCLXXVII
1178 2625 1279 2669 hex.
1318 2624 1451 2668 Dom.
1490 2626 1506 2681 ΙΙ
1546 2630 1601 2668 29
1636 2627 1685 2669 at
1714 2625 1918 2670 Bernar—

161 2688 275 2730 tius:
308 2688 355 2729 et
385 2690 457 2727 ca
483 2688 488 2738 1
516 2684 715 2728 Manlius
748 2689 831 2738 ca,
865 2697 976 2727 corr.
1011 2684 1394 2728 Friedlaenderus
1415 2685 1431 2740 ΙΙ
1454 2688 1509 2727 33
1543 2683 1721 2728 Gallico
1754 2697 1918 2728 conua-

161 2745 353 2789 lescenti
383 2744 628 2788 Heinsius:
667 2742 845 2787 Gallico
879 2745 949 2786 est
978 2742 1156 2786 ualenti
1187 2746 1215 2784 c
1247 2741 1424 2786 Gallico
1455 2742 1632 2786 ualenti
1665 2758 1692 2785 a
1713 2743 1728 2798 ΙΙ
1759 2747 1814 2786 39
1848 2755 1919 2786 ce-

164 2804 355 2847 lebrant.
374 2803 479 2846 uale
501 2803 682 2846 addidi:
701 2815 781 2845 om.
803 2806 830 2843 G
847 2816 894 2856 ας
913 2802 1050 2857 uulgo
1066 2801 1241 2845 habent
1257 2801 1445 2844 additur
1453 2804 1560 2856 post
1577 2800 1891 2845 felicissimam

278 2863 312 2906 Ι.
344 2861 500 2914 EQUS
532 2864 589 2903 A:
629 2860 786 2916 Equus
819 2864 846 2901 c
881 2863 886 2913 Ι
920 2859 1040 2903 ΙΜΡ.
1072 2863 1131 2902 A:
1162 2859 1454 2916 imperatoris
1485 2864 1513 2901 G
1550 2861 1567 2916 ΙΙ
1607 2865 1628 2902 1
1670 2873 1806 2916 super
1833 2859 1919 2903 im-

160 2920 312 2977 posito
345 2925 417 2962 ca
444 2922 448 2975 1
476 2919 710 2976 geminata
739 2933 786 2962 a:
818 2919 1054 2974 gemmata
1082 2922 1120 2961 A
1151 2922 1180 2959 c
