2014 3164
649 181 960 228 leuARUM
990 181 1041 226 L.
1075 181 1132 240 11,
1162 186 1204 228 2.

52 311 71 349 „a
113 305 136 356 t
173 302 362 357 dubios
401 319 556 356 casus
597 304 650 355 et
689 318 878 355 caecae
915 301 1119 354 lubrica
1158 302 1301 355 uitae

58 383 69 419 fi
111 375 284 446 ffugit,
321 374 577 428 immunis
615 374 727 428 fati.
801 392 912 427 non
949 373 1041 427 ille
1079 374 1310 444 rogauit,

56 455 69 513 ,ἰ
116 466 187 503 on
223 447 406 502 timuit
441 448 686 501 renuitue
724 447 885 501 mori:
938 465 1037 501 nos
1077 448 1236 500 anxia
1273 448 1472 516 plebes,

54 528 69 594 ξ
116 539 175 576 os
213 520 409 591 miseri,
447 521 638 591 quibus
677 519 816 574 unde
856 519 967 573 dies
1008 538 1270 589 suprema,
1302 522 1420 590 quis
1458 522 1574 574 aeui

52 600 71 648 2
113 595 270 660 xitus,
308 594 588 663 incertum,
628 594 820 664 quibus
860 594 1025 646 instet
1062 593 1266 646 fulmen
1305 595 1373 646 ab
1414 595 1590 663 astris,

57 672 210 721 luae
247 667 418 721 nubes
457 667 622 720 fatale
662 668 831 720 sonet.
906 666 984 718 nil
1023 666 1253 719 flecteris
1292 666 1451 719 istis?

55 740 168 795 ed
206 740 416 795 flectere
454 740 644 794 libens.
721 739 846 793 ades
885 739 988 792 huc
1028 739 1251 792 emissus
1290 739 1359 792 ab
1400 743 1517 793 atro

53 814 69 860 ’ἲ
107 813 286 884 imine,
325 812 410 867 cui
450 813 550 867 soli
589 815 780 866 cuncta
818 812 1109 881 impetrare
1148 812 1398 882 facultas,

75 886 286 941 elauoia
324 883 473 957 (nam
510 885 750 940 insontes
790 885 995 939 animas
1034 903 1133 939 nec
1170 886 1402 955 portitor
1439 891 1585 939 arcet

54 971 59 980 ·
117 977 176 1013 ec
214 959 376 1013 durae
417 975 594 1013 comes
631 959 722 1012 ille
761 957 955 1028 ferae):
994 961 1054 1011 tu
1092 962 1310 1028 pectora
1347 959 1534 1028 mulce,

59 1032 61 1034 ’
109 1051 145 1086 u
182 1032 408 1102 prohibe
446 1050 665 1086 manare
705 1048 871 1102 genas
910 1034 1196 1101 noctesque
1235 1032 1422 1086 beatas

58 1105 320 1160 »ouloibus
359 1105 607 1175 alloquiis
647 1107 703 1159 et
739 1105 881 1158 uiuis
920 1105 1161 1158 uultibus
1200 1105 1385 1175 imple3

55 1204 59 1250 s
111 1180 136 1232 t
172 1179 392 1249 periisse
430 1195 571 1249 nega
611 1178 1014 1248 desolatamque
1054 1196 1307 1248 sororem,

51 1250 167 1316 'Qui
204 1254 374 1322 poteS‚
413 1254 468 1306 et
505 1251 728 1305 miseros
767 1268 932 1322 perge
970 1251 1240 1327 insinuare
1278 1255 1545 1321 parentes.

758 1503 761 1506 .
918 1456 987 1510 II.

386 1555 570 1601 UILLA
603 1556 998 1602 SURRENTmA
1028 1556 1231 1602 POLLII
1262 1556 1508 1602 FELICIS.

65 1644 168 1699 Est
203 1645 345 1699 inter
381 1649 540 1700 notos
581 1645 828 1700 Sirenum
867 1647 1082 1700 nomine
1121 1664 1301 1699 muros

47 1717 310 1788 :Saxaque
349 1718 656 1788 Tyrrhenae
694 1719 908 1788 templis
949 1722 1169 1773 onerata
1206 1718 1480 1772 Mineruae

66 1789 221 1846 Celsa
257 1790 539 1845 Dicarchei
577 1792 900 1861 speculatrix
938 1793 1067 1845 uilla
1105 1792 1369 1862 profundi,

28 1863 183 1928 *Qua
219 1864 438 1919 Bromio
477 1864 700 1919 dilectus
739 1882 881 1939 ager,
921 1866 1187 1936 collesque
1226 1883 1320 1934 per
1358 1865 1495 1919 altos

0 1967 1 1978 =
51 1936 256 2005 Uritur
293 1941 348 1992 et
383 1938 579 2008 praelis
617 1957 729 1993 non
767 1938 975 1992 inuidet
1011 1957 1118 1992 uua
1155 1937 1413 1992 Falernis,

0 2038 1 2071 ι
47 2009 189 2069 Huc
226 2029 311 2065 me
349 2013 474 2080 post
510 2012 673 2081 patrii
711 2013 912 2065 laetum
951 2012 1316 2082 quinquennia
1353 2012 1531 2080 lustri,

0 2099 25 2157 ζ
69 2082 203 2138 Cum
243 2084 415 2138 stadio
454 2085 562 2138 iam
599 2086 756 2156 pigra
794 2086 943 2155 quies
981 2103 1251 2155 canusque
1291 2086 1497 2139 sederet

0 2165 1 2220 ζ
51 2156 269 2229 Puluis,
305 2158 373 2212 ad
411 2157 726 2212 Ambracias
764 2176 1023 2213 conuersa
1061 2159 1327 2229 gymnade
1364 2159 1599 2228 frondeS,

43 2229 241 2285 Trans
279 2231 481 2302 gentile
518 2231 715 2285 fretum
753 2231 950 2301 placidi
986 2232 1239 2285 facundia
1276 2231 1414 2286 Polli

35 2307 38 2311 ’
69 2302 279 2358 Detulit
316 2306 371 2358 et
407 2305 608 2359 nitidae
647 2303 895 2358 iuuenilis
935 2306 1111 2376 grat-ia
1148 2304 1346 2375 Pollae,

44 2411 50 2426 ν.
69 2376 308 2433 Flectere
345 2378 454 2430 iam
492 2378 742 2448 cupidum
782 2395 1012 2448 gressuS‚
1050 2397 1156 2448 qua
1195 2379 1362 2433 limite
1401 2382 1533 2434 noto

24 2459 57 2525 '4
71 2450 248 2521 Appia
284 2451 568 2522 longarqm
605 2453 798 2505 teritur
834 2452 1022 2522 regina
1058 2453 1282 2505 uiarum.

24 2895 32 2916 ,-
72 2873 88 2935 ΙΙ
118 2880 205 2920 234
237 2875 327 2930 Qui
355 2879 394 2918 A
425 2880 474 2919 σε
506 2875 607 2930 Qua
637 2876 771 2920 Dom.

1750 183 1823 237 45

1740 607 1826 648 225

1742 973 1828 1014 230

1780 2322 1836 2362 10

17 2686 51 2714 Ῑ”
117 2735 120 2738 .
190 2704 274 2744 222
305 2699 415 2744 fatis
445 2703 474 2741 0
504 2714 532 2742 a
553 2700 569 2757 ΙΙ
592 2704 677 2743 223
708 2698 919 2744 renuitue
950 2699 1191 2744 Heinsius:
1223 2700 1450 2745 meruitne
1480 2705 1510 2743 c
1540 2715 1568 2743 a
1600 2702 1616 2757 ΙΙ
1648 2705 1733 2745 226
1764 2714 1834 2745 so-

18 2780 46 2801 ,-
72 2759 154 2803 net
183 2763 231 2805 0:
263 2758 428 2803 sonent
458 2761 487 2803 ς
519 2773 547 2801 a
576 2760 592 2814 ΙΙ
623 2763 707 2802 227
741 2760 842 2803 atro
875 2762 926 2802 ςε
959 2760 1084 2803 astro
1115 2763 1154 2802 Δ
1185 2764 1214 2802 0
1243 2762 1259 2816 ΙΙ
1292 2764 1378 2803 229
1411 2759 1605 2805 Glaucia
1633 2759 1835 2806 insontes

23 2815 195 2860 AM}
233 2816 448 2863 Glaucias
483 2815 689 2862 insontes
722 2821 778 2873 ς;
816 2831 925 2861 nam
962 2817 1094 2862 Doni.
1134 2819 1328 2863 inseruit
1364 2821 1380 2875 ΙΙ
1418 2824 1503 2863 230
1544 2818 1671 2863 dirae
1701 2818 1834 2865 Dom.
