<?xml version="1.0" encoding="UTF-8"?>
<!DOCTYPE html PUBLIC "-//W3C//DTD XHTML 1.0 Transitional//EN"
    "http://www.w3.org/TR/xhtml1/DTD/xhtml1-transitional.dtd">
<html xmlns="http://www.w3.org/1999/xhtml" xml:lang="en" lang="en">
 <head>
  <title>
</title>
<meta http-equiv="Content-Type" content="text/html;charset=utf-8" />
  <meta name='ocr-system' content='tesseract 3.04.00' />
  <meta name='ocr-capabilities' content='ocr_page ocr_carea ocr_par ocr_line ocrx_word'/>
</head>
<body>
  <div class='ocr_page' id='page_1' title='image "./operapapinius01statuoft_0080.png"; bbox 0 0 2014 3164; ppageno 0'>
   <div class='ocr_carea' id='block_1_1' title="bbox 224 218 1372 271">
    <p class='ocr_par' dir='ltr' id='par_1_1' title="bbox 224 218 1372 271">
     <span class='ocr_line' id='line_1_1' title="bbox 224 218 1372 271; baseline 0.003 -11"><span class='ocrx_word' id='word_1_1' title='bbox 224 219 298 271; x_wconf 84' lang='lat'>54</span> <span class='ocrx_word' id='word_1_2' title='bbox 827 219 877 262; x_wconf 91' lang='lat' dir='ltr'>P.</span> <span class='ocrx_word' id='word_1_3' title='bbox 909 218 1139 263; x_wconf 88' lang='lat' dir='ltr'>PAPINII</span> <span class='ocrx_word' id='word_1_4' title='bbox 1171 218 1372 263; x_wconf 85' lang='lat' dir='ltr'>STATII</span> 
     </span>
    </p>
   </div>
   <div class='ocr_carea' id='block_1_2' title="bbox 217 337 1983 2527">
    <p class='ocr_par' dir='ltr' id='par_1_2' title="bbox 218 337 1980 479">
     <span class='ocr_line' id='line_1_2' title="bbox 218 337 1980 406; baseline 0.001 -15"><span class='ocrx_word' id='word_1_5' title='bbox 218 337 527 402; x_wconf 83' lang='lat' dir='ltr'>Nobiscum,</span> <span class='ocrx_word' id='word_1_6' title='bbox 568 340 622 389; x_wconf 91' lang='lat' dir='ltr'>et</span> <span class='ocrx_word' id='word_1_7' title='bbox 659 340 844 406; x_wconf 90' lang='lat' dir='ltr'>gratae</span> <span class='ocrx_word' id='word_1_8' title='bbox 883 339 1188 405; x_wconf 72' lang='lat' dir='ltr'>carpentem</span> <span class='ocrx_word' id='word_1_9' title='bbox 1225 355 1447 389; x_wconf 88' lang='lat' dir='ltr'>munera</span> <span class='ocrx_word' id='word_1_10' title='bbox 1484 356 1701 391; x_wconf 82' lang='lat' dir='ltr'>mensae</span> <span class='ocrx_word' id='word_1_11' title='bbox 1953 352 1980 393; x_wconf 89' lang='lat'>5</span> 
     </span>
     <span class='ocr_line' id='line_1_3' title="bbox 219 409 1666 479; baseline -0.001 -15"><span class='ocrx_word' id='word_1_12' title='bbox 219 411 611 479; x_wconf 85' lang='lat' dir='ltr'>Errantemque</span> <span class='ocrx_word' id='word_1_13' title='bbox 640 410 776 462; x_wconf 89' lang='lat' dir='ltr'>toris</span> <span class='ocrx_word' id='word_1_14' title='bbox 814 409 1019 462; x_wconf 88' lang='lat' dir='ltr'>mediae</span> <span class='ocrx_word' id='word_1_15' title='bbox 1056 411 1176 478; x_wconf 90' lang='lat' dir='ltr'>plus</span> <span class='ocrx_word' id='word_1_16' title='bbox 1215 413 1454 478; x_wconf 91' lang='lat' dir='ltr'>tempore</span> <span class='ocrx_word' id='word_1_17' title='bbox 1491 412 1666 464; x_wconf 89' lang='lat' dir='ltr'>noctis</span> 
     </span>
    </p>

    <p class='ocr_par' dir='ltr' id='par_1_3' title="bbox 219 482 1555 551">
     <span class='ocr_line' id='line_1_4' title="bbox 219 482 1555 551; baseline 0 -15"><span class='ocrx_word' id='word_1_18' title='bbox 219 484 483 537; x_wconf 91' lang='lat' dir='ltr'>Uidimus.</span> <span class='ocrx_word' id='word_1_19' title='bbox 560 482 752 535; x_wconf 88' lang='lat' dir='ltr'>affatus</span> <span class='ocrx_word' id='word_1_20' title='bbox 791 483 954 535; x_wconf 91' lang='lat' dir='ltr'>etiam</span> <span class='ocrx_word' id='word_1_21' title='bbox 992 483 1354 551; x_wconf 73' lang='lat' dir='ltr'>meditataque</span> <span class='ocrx_word' id='word_1_22' title='bbox 1389 483 1555 536; x_wconf 90' lang='lat' dir='ltr'>uerba</span> 
     </span>
    </p>

    <p class='ocr_par' dir='ltr' id='par_1_4' title="bbox 220 554 1610 610">
     <span class='ocr_line' id='line_1_5' title="bbox 220 554 1610 610; baseline 0 -1"><span class='ocrx_word' id='word_1_23' title='bbox 220 557 561 610; x_wconf 77' lang='lat' dir='ltr'>ReddideraS.</span> <span class='ocrx_word' id='word_1_24' title='bbox 637 558 693 608; x_wconf 91' lang='lat' dir='ltr'>at</span> <span class='ocrx_word' id='word_1_25' title='bbox 729 574 869 608; x_wconf 90' lang='lat' dir='ltr'>nunc</span> <span class='ocrx_word' id='word_1_26' title='bbox 910 559 1127 608; x_wconf 87' lang='lat' dir='ltr'>aeterna</span> <span class='ocrx_word' id='word_1_27' title='bbox 1166 555 1379 608; x_wconf 90' lang='lat' dir='ltr'>silentia</span> <span class='ocrx_word' id='word_1_28' title='bbox 1416 554 1610 609; x_wconf 91' lang='lat' dir='ltr'>Lethes</span> 
     </span>
    </p>

    <p class='ocr_par' dir='ltr' id='par_1_5' title="bbox 220 628 1612 698">
     <span class='ocr_line' id='line_1_6' title="bbox 220 628 1612 698; baseline -0.001 -16"><span class='ocrx_word' id='word_1_29' title='bbox 220 630 319 682; x_wconf 93' lang='lat' dir='ltr'>Ille</span> <span class='ocrx_word' id='word_1_30' title='bbox 358 647 582 682; x_wconf 88' lang='lat' dir='ltr'>canorus</span> <span class='ocrx_word' id='word_1_31' title='bbox 619 629 801 682; x_wconf 89' lang='lat' dir='ltr'>habes.</span> <span class='ocrx_word' id='word_1_32' title='bbox 877 629 1029 681; x_wconf 91' lang='lat' dir='ltr'>cedat</span> <span class='ocrx_word' id='word_1_33' title='bbox 1066 628 1424 681; x_wconf 83' lang='lat' dir='ltr'>Phaethontia</span> <span class='ocrx_word' id='word_1_34' title='bbox 1462 630 1612 698; x_wconf 88' lang='lat' dir='ltr'>uulgi</span> 
     </span>
    </p>

    <p class='ocr_par' dir='ltr' id='par_1_6' title="bbox 220 702 1982 992">
     <span class='ocr_line' id='line_1_7' title="bbox 220 702 1982 772; baseline 0.002 -17"><span class='ocrx_word' id='word_1_35' title='bbox 220 702 444 755; x_wconf 88' lang='lat' dir='ltr'>Fabula:</span> <span class='ocrx_word' id='word_1_36' title='bbox 483 721 594 755; x_wconf 91' lang='lat' dir='ltr'>non</span> <span class='ocrx_word' id='word_1_37' title='bbox 633 702 736 755; x_wconf 93' lang='lat' dir='ltr'>soli</span> <span class='ocrx_word' id='word_1_38' title='bbox 775 702 1053 754; x_wconf 89' lang='lat' dir='ltr'>celebrant</span> <span class='ocrx_word' id='word_1_39' title='bbox 1084 720 1181 754; x_wconf 91' lang='lat' dir='ltr'>sua</span> <span class='ocrx_word' id='word_1_40' title='bbox 1216 702 1406 755; x_wconf 89' lang='lat' dir='ltr'>funera</span> <span class='ocrx_word' id='word_1_41' title='bbox 1446 703 1619 772; x_wconf 82' lang='lat' dir='ltr'>cygni.</span> <span class='ocrx_word' id='word_1_42' title='bbox 1927 718 1982 758; x_wconf 89' lang='lat'>10</span> 
     </span>
     <span class='ocr_line' id='line_1_8' title="bbox 221 775 1679 845; baseline 0 -17"><span class='ocrx_word' id='word_1_43' title='bbox 221 776 296 828; x_wconf 90' lang='lat' dir='ltr'>At</span> <span class='ocrx_word' id='word_1_44' title='bbox 332 776 437 828; x_wconf 91' lang='lat' dir='ltr'>tibi</span> <span class='ocrx_word' id='word_1_45' title='bbox 476 778 678 844; x_wconf 91' lang='lat' dir='ltr'>quanta</span> <span class='ocrx_word' id='word_1_46' title='bbox 714 776 902 827; x_wconf 92' lang='lat' dir='ltr'>domus</span> <span class='ocrx_word' id='word_1_47' title='bbox 940 775 1105 827; x_wconf 90' lang='lat' dir='ltr'>rutila</span> <span class='ocrx_word' id='word_1_48' title='bbox 1141 775 1406 827; x_wconf 85' lang='lat' dir='ltr'>testudine</span> <span class='ocrx_word' id='word_1_49' title='bbox 1444 775 1679 845; x_wconf 85' lang='lat' dir='ltr'>fulgens,</span> 
     </span>
     <span class='ocr_line' id='line_1_9' title="bbox 223 847 1580 918; baseline -0.001 -16"><span class='ocrx_word' id='word_1_50' title='bbox 223 847 571 918; x_wconf 83' lang='lat' dir='ltr'>Conexusque</span> <span class='ocrx_word' id='word_1_51' title='bbox 612 849 761 901; x_wconf 88' lang='lat' dir='ltr'>ebori</span> <span class='ocrx_word' id='word_1_52' title='bbox 799 848 1073 916; x_wconf 91' lang='lat' dir='ltr'>uirgarum</span> <span class='ocrx_word' id='word_1_53' title='bbox 1113 851 1397 917; x_wconf 89' lang='lat' dir='ltr'>argenteus</span> <span class='ocrx_word' id='word_1_54' title='bbox 1437 849 1580 917; x_wconf 85' lang='lat' dir='ltr'>ord0,</span> 
     </span>
     <span class='ocr_line' id='line_1_10' title="bbox 220 921 1482 992; baseline -0.002 -17"><span class='ocrx_word' id='word_1_55' title='bbox 220 923 590 992; x_wconf 82' lang='lat' dir='ltr'>Argutumque</span> <span class='ocrx_word' id='word_1_56' title='bbox 629 925 723 974; x_wconf 93' lang='lat' dir='ltr'>tuo</span> <span class='ocrx_word' id='word_1_57' title='bbox 764 921 1044 974; x_wconf 87' lang='lat' dir='ltr'>stridentia</span> <span class='ocrx_word' id='word_1_58' title='bbox 1079 922 1268 973; x_wconf 90' lang='lat' dir='ltr'>limina</span> <span class='ocrx_word' id='word_1_59' title='bbox 1306 939 1482 990; x_wconf 86' lang='lat' dir='ltr'>cornu,</span> 
     </span>
    </p>

    <p class='ocr_par' dir='ltr' id='par_1_7' title="bbox 219 995 1671 1065">
     <span class='ocr_line' id='line_1_11' title="bbox 219 995 1671 1065; baseline -0.001 -16"><span class='ocrx_word' id='word_1_60' title='bbox 219 996 295 1049; x_wconf 87' lang='lat' dir='ltr'>Et</span> <span class='ocrx_word' id='word_1_61' title='bbox 334 996 584 1065; x_wconf 90' lang='lat' dir='ltr'>querulae</span> <span class='ocrx_word' id='word_1_62' title='bbox 622 998 735 1047; x_wconf 92' lang='lat' dir='ltr'>tam</span> <span class='ocrx_word' id='word_1_63' title='bbox 775 995 917 1048; x_wconf 87' lang='lat' dir='ltr'>forte</span> <span class='ocrx_word' id='word_1_64' title='bbox 955 995 1120 1047; x_wconf 89' lang='lat' dir='ltr'>fores!</span> <span class='ocrx_word' id='word_1_65' title='bbox 1160 997 1317 1047; x_wconf 90' lang='lat' dir='ltr'>uacat</span> <span class='ocrx_word' id='word_1_66' title='bbox 1353 995 1444 1046; x_wconf 90' lang='lat' dir='ltr'>ille</span> <span class='ocrx_word' id='word_1_67' title='bbox 1483 995 1671 1048; x_wconf 89' lang='lat' dir='ltr'>beatus</span> 
     </span>
    </p>

    <p class='ocr_par' dir='ltr' id='par_1_8' title="bbox 219 1068 1981 1209">
     <span class='ocr_line' id='line_1_12' title="bbox 221 1068 1981 1138; baseline 0.001 -17"><span class='ocrx_word' id='word_1_68' title='bbox 221 1068 428 1137; x_wconf 70' lang='lat' dir='ltr'>Carear,</span> <span class='ocrx_word' id='word_1_69' title='bbox 467 1071 520 1120; x_wconf 91' lang='lat' dir='ltr'>et</span> <span class='ocrx_word' id='word_1_70' title='bbox 559 1068 775 1138; x_wconf 82' lang='lat' dir='ltr'>angusti</span> <span class='ocrx_word' id='word_1_71' title='bbox 820 1086 1085 1136; x_wconf 81' lang='lat' dir='ltr'>nusquam</span> <span class='ocrx_word' id='word_1_72' title='bbox 1131 1068 1372 1120; x_wconf 91' lang='lat' dir='ltr'>conuicia</span> <span class='ocrx_word' id='word_1_73' title='bbox 1408 1068 1560 1120; x_wconf 79' lang='lat' dir='ltr'>tecti!</span> <span class='ocrx_word' id='word_1_74' title='bbox 1928 1083 1981 1123; x_wconf 87' lang='lat'>15</span> 
     </span>
     <span class='ocr_line' id='line_1_13' title="bbox 219 1140 1613 1209; baseline -0.001 -14"><span class='ocrx_word' id='word_1_75' title='bbox 219 1143 339 1195; x_wconf 92' lang='lat' dir='ltr'>Huc</span> <span class='ocrx_word' id='word_1_76' title='bbox 377 1143 564 1195; x_wconf 89' lang='lat' dir='ltr'>doctae</span> <span class='ocrx_word' id='word_1_77' title='bbox 604 1142 872 1209; x_wconf 90' lang='lat' dir='ltr'>stipentur</span> <span class='ocrx_word' id='word_1_78' title='bbox 911 1159 1052 1209; x_wconf 86' lang='lat' dir='ltr'>aues,</span> <span class='ocrx_word' id='word_1_79' title='bbox 1090 1141 1207 1208; x_wconf 91' lang='lat' dir='ltr'>quis</span> <span class='ocrx_word' id='word_1_80' title='bbox 1246 1140 1426 1193; x_wconf 91' lang='lat' dir='ltr'>nobile</span> <span class='ocrx_word' id='word_1_81' title='bbox 1463 1141 1613 1193; x_wconf 89' lang='lat' dir='ltr'>fandi</span> 
     </span>
    </p>

    <p class='ocr_par' dir='ltr' id='par_1_9' title="bbox 219 1213 1502 1282">
     <span class='ocr_line' id='line_1_14' title="bbox 219 1213 1502 1282; baseline -0.002 -14"><span class='ocrx_word' id='word_1_82' title='bbox 219 1215 310 1268; x_wconf 91' lang='lat' dir='ltr'>Ius</span> <span class='ocrx_word' id='word_1_83' title='bbox 349 1218 542 1267; x_wconf 86' lang='lat' dir='ltr'>natura</span> <span class='ocrx_word' id='word_1_84' title='bbox 581 1215 752 1266; x_wconf 84' lang='lat' dir='ltr'>dedit:</span> <span class='ocrx_word' id='word_1_85' title='bbox 791 1215 1018 1282; x_wconf 89' lang='lat' dir='ltr'>plangat</span> <span class='ocrx_word' id='word_1_86' title='bbox 1054 1213 1354 1266; x_wconf 91' lang='lat' dir='ltr'>Phoebeius</span> <span class='ocrx_word' id='word_1_87' title='bbox 1394 1214 1502 1266; x_wconf 92' lang='lat' dir='ltr'>ales</span> 
     </span>
    </p>

    <p class='ocr_par' dir='ltr' id='par_1_10' title="bbox 218 1286 1548 1357">
     <span class='ocr_line' id='line_1_15' title="bbox 218 1286 1548 1357; baseline 0 -17"><span class='ocrx_word' id='word_1_88' title='bbox 218 1289 551 1357; x_wconf 85' lang='lat' dir='ltr'>Auditasque</span> <span class='ocrx_word' id='word_1_89' title='bbox 590 1305 795 1339; x_wconf 91' lang='lat' dir='ltr'>memor</span> <span class='ocrx_word' id='word_1_90' title='bbox 834 1287 1045 1355; x_wconf 88' lang='lat' dir='ltr'>penitus</span> <span class='ocrx_word' id='word_1_91' title='bbox 1086 1286 1352 1339; x_wconf 82' lang='lat' dir='ltr'>dimittere</span> <span class='ocrx_word' id='word_1_92' title='bbox 1390 1305 1548 1340; x_wconf 89' lang='lat' dir='ltr'>uoces</span> 
     </span>
    </p>

    <p class='ocr_par' dir='ltr' id='par_1_11' title="bbox 221 1360 1509 1429">
     <span class='ocr_line' id='line_1_16' title="bbox 221 1360 1509 1429; baseline -0.002 -14"><span class='ocrx_word' id='word_1_93' title='bbox 221 1361 447 1415; x_wconf 81' lang='lat' dir='ltr'>Sturnus</span> <span class='ocrx_word' id='word_1_94' title='bbox 488 1365 540 1413; x_wconf 92' lang='lat' dir='ltr'>et</span> <span class='ocrx_word' id='word_1_95' title='bbox 577 1360 754 1413; x_wconf 90' lang='lat' dir='ltr'>Aonio</span> <span class='ocrx_word' id='word_1_96' title='bbox 793 1378 980 1412; x_wconf 90' lang='lat' dir='ltr'>uersae</span> <span class='ocrx_word' id='word_1_97' title='bbox 1019 1360 1306 1413; x_wconf 87' lang='lat' dir='ltr'>certamine</span> <span class='ocrx_word' id='word_1_98' title='bbox 1345 1361 1509 1429; x_wconf 88' lang='lat' dir='ltr'>picae,</span> 
     </span>
    </p>

    <p class='ocr_par' dir='ltr' id='par_1_12' title="bbox 218 1433 1983 1577">
     <span class='ocr_line' id='line_1_17' title="bbox 220 1433 1983 1504; baseline 0.001 -17"><span class='ocrx_word' id='word_1_99' title='bbox 220 1435 426 1504; x_wconf 80' lang='lat' dir='ltr'>Quique</span> <span class='ocrx_word' id='word_1_100' title='bbox 464 1434 629 1486; x_wconf 88' lang='lat' dir='ltr'>refert</span> <span class='ocrx_word' id='word_1_101' title='bbox 667 1435 895 1503; x_wconf 90' lang='lat' dir='ltr'>iungens</span> <span class='ocrx_word' id='word_1_102' title='bbox 934 1434 1128 1485; x_wconf 86' lang='lat' dir='ltr'>iterata</span> <span class='ocrx_word' id='word_1_103' title='bbox 1164 1433 1430 1486; x_wconf 90' lang='lat' dir='ltr'>uocabula</span> <span class='ocrx_word' id='word_1_104' title='bbox 1466 1434 1666 1504; x_wconf 84' lang='lat' dir='ltr'>perdix,</span> <span class='ocrx_word' id='word_1_105' title='bbox 1925 1449 1983 1490; x_wconf 83' lang='lat'>20</span> 
     </span>
     <span class='ocr_line' id='line_1_18' title="bbox 218 1506 1605 1577; baseline -0.001 -16"><span class='ocrx_word' id='word_1_106' title='bbox 218 1508 293 1561; x_wconf 84' lang='lat' dir='ltr'>Et</span> <span class='ocrx_word' id='word_1_107' title='bbox 323 1526 458 1577; x_wconf 90' lang='lat' dir='ltr'>quae</span> <span class='ocrx_word' id='word_1_108' title='bbox 496 1507 743 1559; x_wconf 91' lang='lat' dir='ltr'>Bistonio</span> <span class='ocrx_word' id='word_1_109' title='bbox 786 1507 1024 1575; x_wconf 86' lang='lat' dir='ltr'>queritur</span> <span class='ocrx_word' id='word_1_110' title='bbox 1062 1524 1214 1559; x_wconf 91' lang='lat' dir='ltr'>soror</span> <span class='ocrx_word' id='word_1_111' title='bbox 1252 1506 1384 1559; x_wconf 93' lang='lat' dir='ltr'>orba</span> <span class='ocrx_word' id='word_1_112' title='bbox 1421 1507 1605 1560; x_wconf 88' lang='lat' dir='ltr'>cubili:</span> 
     </span>
    </p>

    <p class='ocr_par' dir='ltr' id='par_1_13' title="bbox 217 1579 1699 1650">
     <span class='ocr_line' id='line_1_19' title="bbox 217 1579 1699 1650; baseline 0 -16"><span class='ocrx_word' id='word_1_113' title='bbox 217 1581 376 1634; x_wconf 87' lang='lat' dir='ltr'>Ferte</span> <span class='ocrx_word' id='word_1_114' title='bbox 417 1581 576 1633; x_wconf 90' lang='lat' dir='ltr'>simul</span> <span class='ocrx_word' id='word_1_115' title='bbox 615 1581 845 1650; x_wconf 83' lang='lat' dir='ltr'>gemitus</span> <span class='ocrx_word' id='word_1_116' title='bbox 886 1583 1218 1649; x_wconf 87' lang='lat' dir='ltr'>cognataque</span> <span class='ocrx_word' id='word_1_117' title='bbox 1258 1579 1431 1632; x_wconf 86' lang='lat' dir='ltr'>ducite</span> <span class='ocrx_word' id='word_1_118' title='bbox 1470 1580 1699 1634; x_wconf 90' lang='lat' dir='ltr'>fiammis</span> 
     </span>
    </p>

    <p class='ocr_par' dir='ltr' id='par_1_14' title="bbox 218 1653 1890 1796">
     <span class='ocr_line' id='line_1_20' title="bbox 218 1653 1890 1708; baseline 0.001 -1"><span class='ocrx_word' id='word_1_119' title='bbox 218 1655 430 1707; x_wconf 84' lang='lat' dir='ltr'>Funera</span> <span class='ocrx_word' id='word_1_120' title='bbox 469 1657 523 1706; x_wconf 93' lang='lat' dir='ltr'>et</span> <span class='ocrx_word' id='word_1_121' title='bbox 558 1654 662 1706; x_wconf 94' lang='lat' dir='ltr'>hoc</span> <span class='ocrx_word' id='word_1_122' title='bbox 702 1655 922 1706; x_wconf 88' lang='lat' dir='ltr'>cunctae</span> <span class='ocrx_word' id='word_1_123' title='bbox 962 1653 1320 1706; x_wconf 89' lang='lat' dir='ltr'>miserandum</span> <span class='ocrx_word' id='word_1_124' title='bbox 1359 1653 1614 1706; x_wconf 88' lang='lat' dir='ltr'>addiscite</span> <span class='ocrx_word' id='word_1_125' title='bbox 1653 1673 1890 1708; x_wconf 87' lang='lat' dir='ltr'>carmen:</span> 
     </span>
     <span class='ocr_line' id='line_1_21' title="bbox 221 1726 1473 1796; baseline -0.002 -15"><span class='ocrx_word' id='word_1_126' title='bbox 221 1728 455 1781; x_wconf 75' lang='lat' dir='ltr'>‘Occidit</span> <span class='ocrx_word' id='word_1_127' title='bbox 493 1728 665 1779; x_wconf 91' lang='lat' dir='ltr'>aeriae</span> <span class='ocrx_word' id='word_1_128' title='bbox 704 1726 1050 1779; x_wconf 88' lang='lat' dir='ltr'>celeberrima</span> <span class='ocrx_word' id='word_1_129' title='bbox 1088 1727 1259 1796; x_wconf 89' lang='lat' dir='ltr'>gloria</span> <span class='ocrx_word' id='word_1_130' title='bbox 1297 1727 1473 1795; x_wconf 86' lang='lat' dir='ltr'>gentis</span> 
     </span>
    </p>

    <p class='ocr_par' dir='ltr' id='par_1_15' title="bbox 218 1799 1981 1943">
     <span class='ocr_line' id='line_1_22' title="bbox 218 1799 1981 1869; baseline 0.001 -15"><span class='ocrx_word' id='word_1_131' title='bbox 218 1801 502 1869; x_wconf 71' lang='lat' dir='ltr'>Psittacus,</span> <span class='ocrx_word' id='word_1_132' title='bbox 540 1800 632 1852; x_wconf 91' lang='lat' dir='ltr'>ille</span> <span class='ocrx_word' id='word_1_133' title='bbox 671 1801 863 1869; x_wconf 89' lang='lat' dir='ltr'>plagae</span> <span class='ocrx_word' id='word_1_134' title='bbox 893 1799 1077 1851; x_wconf 90' lang='lat' dir='ltr'>uiridis</span> <span class='ocrx_word' id='word_1_135' title='bbox 1117 1802 1370 1869; x_wconf 88' lang='lat' dir='ltr'>regnator</span> <span class='ocrx_word' id='word_1_136' title='bbox 1400 1799 1568 1867; x_wconf 79' lang='lat' dir='ltr'>ane3</span> <span class='ocrx_word' id='word_1_137' title='bbox 1926 1814 1981 1855; x_wconf 84' lang='lat'>25</span> 
     </span>
     <span class='ocr_line' id='line_1_23' title="bbox 220 1872 1584 1943; baseline -0.002 -16"><span class='ocrx_word' id='word_1_138' title='bbox 220 1874 387 1937; x_wconf 83' lang='lat' dir='ltr'>Quem</span> <span class='ocrx_word' id='word_1_139' title='bbox 425 1892 535 1926; x_wconf 93' lang='lat' dir='ltr'>non</span> <span class='ocrx_word' id='word_1_140' title='bbox 574 1875 845 1943; x_wconf 88' lang='lat' dir='ltr'>gemmata</span> <span class='ocrx_word' id='word_1_141' title='bbox 883 1872 1113 1925; x_wconf 87' lang='lat' dir='ltr'>uolucris</span> <span class='ocrx_word' id='word_1_142' title='bbox 1151 1872 1380 1925; x_wconf 90' lang='lat' dir='ltr'>Iunonia</span> <span class='ocrx_word' id='word_1_143' title='bbox 1418 1873 1584 1925; x_wconf 89' lang='lat' dir='ltr'>cauda</span> 
     </span>
    </p>

    <p class='ocr_par' dir='ltr' id='par_1_16' title="bbox 218 1945 1541 2015">
     <span class='ocr_line' id='line_1_24' title="bbox 218 1945 1541 2015; baseline -0.003 -14"><span class='ocrx_word' id='word_1_144' title='bbox 218 1947 471 2001; x_wconf 85' lang='lat' dir='ltr'>Uinceret</span> <span class='ocrx_word' id='word_1_145' title='bbox 509 1949 741 2014; x_wconf 80' lang='lat' dir='ltr'>aspectu,</span> <span class='ocrx_word' id='word_1_146' title='bbox 781 1945 943 2015; x_wconf 92' lang='lat' dir='ltr'>gelidi</span> <span class='ocrx_word' id='word_1_147' title='bbox 981 1963 1092 1998; x_wconf 91' lang='lat' dir='ltr'>non</span> <span class='ocrx_word' id='word_1_148' title='bbox 1129 1945 1373 1998; x_wconf 91' lang='lat' dir='ltr'>Phasidis</span> <span class='ocrx_word' id='word_1_149' title='bbox 1415 1946 1541 2014; x_wconf 81' lang='lat' dir='ltr'>ales,</span> 
     </span>
    </p>

    <p class='ocr_par' dir='ltr' id='par_1_17' title="bbox 218 2017 1716 2090">
     <span class='ocr_line' id='line_1_25' title="bbox 218 2017 1716 2090; baseline -0.001 -16"><span class='ocrx_word' id='word_1_150' title='bbox 218 2020 330 2074; x_wconf 92' lang='lat' dir='ltr'>Nec</span> <span class='ocrx_word' id='word_1_151' title='bbox 369 2039 501 2090; x_wconf 89' lang='lat' dir='ltr'>quas</span> <span class='ocrx_word' id='word_1_152' title='bbox 539 2019 783 2072; x_wconf 88' lang='lat' dir='ltr'>humenti</span> <span class='ocrx_word' id='word_1_153' title='bbox 820 2017 1083 2071; x_wconf 91' lang='lat' dir='ltr'>Numidae</span> <span class='ocrx_word' id='word_1_154' title='bbox 1121 2037 1343 2087; x_wconf 90' lang='lat' dir='ltr'>rapuere</span> <span class='ocrx_word' id='word_1_155' title='bbox 1383 2019 1480 2071; x_wconf 92' lang='lat' dir='ltr'>sub</span> <span class='ocrx_word' id='word_1_156' title='bbox 1520 2022 1716 2072; x_wconf 83' lang='lat' dir='ltr'>austrO.</span> 
     </span>
    </p>

    <p class='ocr_par' dir='ltr' id='par_1_18' title="bbox 218 2091 1422 2162">
     <span class='ocr_line' id='line_1_26' title="bbox 218 2091 1422 2162; baseline -0.002 -15"><span class='ocrx_word' id='word_1_157' title='bbox 218 2095 315 2147; x_wconf 89' lang='lat' dir='ltr'>Ille</span> <span class='ocrx_word' id='word_1_158' title='bbox 355 2095 615 2146; x_wconf 87' lang='lat' dir='ltr'>salutator</span> <span class='ocrx_word' id='word_1_159' title='bbox 653 2109 841 2162; x_wconf 89' lang='lat' dir='ltr'>regum</span> <span class='ocrx_word' id='word_1_160' title='bbox 878 2109 1175 2160; x_wconf 92' lang='lat' dir='ltr'>nomenque</span> <span class='ocrx_word' id='word_1_161' title='bbox 1212 2091 1422 2144; x_wconf 90' lang='lat' dir='ltr'>locutus</span> 
     </span>
    </p>

    <p class='ocr_par' dir='ltr' id='par_1_19' title="bbox 217 2165 1982 2308">
     <span class='ocr_line' id='line_1_27' title="bbox 220 2165 1982 2235; baseline 0 -15"><span class='ocrx_word' id='word_1_162' title='bbox 220 2166 540 2220; x_wconf 82' lang='lat' dir='ltr'>Caesareum</span> <span class='ocrx_word' id='word_1_163' title='bbox 579 2169 633 2218; x_wconf 93' lang='lat' dir='ltr'>et</span> <span class='ocrx_word' id='word_1_164' title='bbox 670 2165 876 2234; x_wconf 88' lang='lat' dir='ltr'>queruli</span> <span class='ocrx_word' id='word_1_165' title='bbox 916 2165 1185 2234; x_wconf 90' lang='lat' dir='ltr'>quondam</span> <span class='ocrx_word' id='word_1_166' title='bbox 1223 2165 1338 2217; x_wconf 91' lang='lat' dir='ltr'>uice</span> <span class='ocrx_word' id='word_1_167' title='bbox 1375 2165 1591 2217; x_wconf 87' lang='lat' dir='ltr'>functus</span> <span class='ocrx_word' id='word_1_168' title='bbox 1631 2165 1811 2235; x_wconf 83' lang='lat' dir='ltr'>amici,</span> <span class='ocrx_word' id='word_1_169' title='bbox 1924 2179 1982 2220; x_wconf 89' lang='lat'>30</span> 
     </span>
     <span class='ocr_line' id='line_1_28' title="bbox 217 2238 1717 2308; baseline -0.003 -14"><span class='ocrx_word' id='word_1_170' title='bbox 217 2240 376 2294; x_wconf 91' lang='lat' dir='ltr'>Nunc</span> <span class='ocrx_word' id='word_1_171' title='bbox 415 2240 642 2293; x_wconf 91' lang='lat' dir='ltr'>conuiua</span> <span class='ocrx_word' id='word_1_172' title='bbox 679 2239 814 2292; x_wconf 91' lang='lat' dir='ltr'>leuis</span> <span class='ocrx_word' id='word_1_173' title='bbox 854 2241 1258 2308; x_wconf 89' lang='lat' dir='ltr'>monstrataque</span> <span class='ocrx_word' id='word_1_174' title='bbox 1297 2238 1514 2291; x_wconf 89' lang='lat' dir='ltr'>reddere</span> <span class='ocrx_word' id='word_1_175' title='bbox 1553 2239 1717 2291; x_wconf 89' lang='lat' dir='ltr'>uerba</span> 
     </span>
    </p>

    <p class='ocr_par' dir='ltr' id='par_1_20' title="bbox 219 2311 1558 2381">
     <span class='ocr_line' id='line_1_29' title="bbox 219 2311 1558 2381; baseline -0.002 -14"><span class='ocrx_word' id='word_1_176' title='bbox 219 2314 353 2366; x_wconf 86' lang='lat' dir='ltr'>Tam</span> <span class='ocrx_word' id='word_1_177' title='bbox 389 2313 586 2366; x_wconf 82' lang='lat' dir='ltr'>facilis!</span> <span class='ocrx_word' id='word_1_178' title='bbox 628 2330 731 2381; x_wconf 92' lang='lat' dir='ltr'>quo</span> <span class='ocrx_word' id='word_1_179' title='bbox 770 2315 846 2380; x_wconf 82' lang='lat' dir='ltr'>tu,</span> <span class='ocrx_word' id='word_1_180' title='bbox 882 2311 1073 2365; x_wconf 90' lang='lat' dir='ltr'>Melior</span> <span class='ocrx_word' id='word_1_181' title='bbox 1110 2311 1317 2380; x_wconf 84' lang='lat' dir='ltr'>dilecte,</span> <span class='ocrx_word' id='word_1_182' title='bbox 1354 2312 1558 2364; x_wconf 90' lang='lat' dir='ltr'>recluso</span> 
     </span>
    </p>

    <p class='ocr_par' dir='ltr' id='par_1_21' title="bbox 217 2384 1705 2527">
     <span class='ocr_line' id='line_1_30' title="bbox 218 2384 1705 2456; baseline -0.003 -16"><span class='ocrx_word' id='word_1_183' title='bbox 218 2387 527 2456; x_wconf 89' lang='lat' dir='ltr'>Numquam</span> <span class='ocrx_word' id='word_1_184' title='bbox 568 2386 710 2439; x_wconf 92' lang='lat' dir='ltr'>solus</span> <span class='ocrx_word' id='word_1_185' title='bbox 751 2403 881 2438; x_wconf 82' lang='lat' dir='ltr'>eras,</span> <span class='ocrx_word' id='word_1_186' title='bbox 959 2389 1016 2438; x_wconf 90' lang='lat' dir='ltr'>at</span> <span class='ocrx_word' id='word_1_187' title='bbox 1054 2403 1166 2437; x_wconf 91' lang='lat' dir='ltr'>non</span> <span class='ocrx_word' id='word_1_188' title='bbox 1203 2385 1461 2454; x_wconf 87' lang='lat' dir='ltr'>inglorius</span> <span class='ocrx_word' id='word_1_189' title='bbox 1501 2384 1705 2437; x_wconf 91' lang='lat' dir='ltr'>umbris</span> 
     </span>
     <span class='ocr_line' id='line_1_31' title="bbox 217 2458 1561 2527; baseline -0.001 -15"><span class='ocrx_word' id='word_1_190' title='bbox 217 2460 475 2513; x_wconf 86' lang='lat' dir='ltr'>Mittitur:</span> <span class='ocrx_word' id='word_1_191' title='bbox 516 2458 745 2527; x_wconf 87' lang='lat' dir='ltr'>Assyrio</span> <span class='ocrx_word' id='word_1_192' title='bbox 786 2459 988 2512; x_wconf 90' lang='lat' dir='ltr'>cineres</span> <span class='ocrx_word' id='word_1_193' title='bbox 1030 2458 1314 2519; x_wconf 86' lang='lat' dir='ltr'>adolentur</span> <span class='ocrx_word' id='word_1_194' title='bbox 1351 2476 1561 2511; x_wconf 92' lang='lat' dir='ltr'>amomo</span> 
     </span>
    </p>
   </div>
   <div class='ocr_carea' id='block_1_3' title="bbox 218 2621 571 2629">
    <p class='ocr_par' dir='ltr' id='par_1_22' title="bbox 218 2621 571 2629">
     <span class='ocr_line' id='line_1_32' title="bbox 218 2621 571 2629; baseline 0 0"><span class='ocrx_word' id='word_1_195' title='bbox 218 2621 571 2629; x_wconf 95' lang='lat' dir='ltr'> </span> 
     </span>
    </p>
   </div>
   <div class='ocr_carea' id='block_1_4' title="bbox 336 2733 1982 2791">
    <p class='ocr_par' dir='ltr' id='par_1_23' title="bbox 336 2733 1982 2791">
     <span class='ocr_line' id='line_1_33' title="bbox 336 2733 1982 2791; baseline -0.002 -12"><span class='ocrx_word' id='word_1_196' title='bbox 336 2740 362 2779; x_wconf 89' lang='grc'>9</span> <span class='ocrx_word' id='word_1_197' title='bbox 395 2733 494 2779; x_wconf 85' lang='lat' dir='ltr'>obis</span> <span class='ocrx_word' id='word_1_198' title='bbox 533 2734 755 2779; x_wconf 75' lang='lat' dir='ltr'>Heinsius</span> <span class='ocrx_word' id='word_1_199' title='bbox 792 2737 807 2791; x_wconf 88' lang='grc' dir='ltr'>ΙΙ</span> <span class='ocrx_word' id='word_1_200' title='bbox 847 2739 899 2779; x_wconf 93' lang='grc'>11</span> <span class='ocrx_word' id='word_1_201' title='bbox 934 2734 1038 2779; x_wconf 82' lang='lat' dir='ltr'>Stat</span> <span class='ocrx_word' id='word_1_202' title='bbox 1068 2733 1262 2778; x_wconf 77' lang='lat' dir='ltr'>uiduata</span> <span class='ocrx_word' id='word_1_203' title='bbox 1292 2733 1454 2777; x_wconf 86' lang='lat' dir='ltr'>domus</span> <span class='ocrx_word' id='word_1_204' title='bbox 1486 2733 1707 2777; x_wconf 74' lang='lat' dir='ltr'>Heinsius</span> <span class='ocrx_word' id='word_1_205' title='bbox 1743 2733 1759 2789; x_wconf 86' lang='grc' dir='ltr'>ΙΙ</span> <span class='ocrx_word' id='word_1_206' title='bbox 1792 2735 1847 2776; x_wconf 85' lang='grc'><strong>14</strong></span> <span class='ocrx_word' id='word_1_207' title='bbox 1884 2733 1982 2776; x_wconf 87' lang='lat' dir='ltr'>tam</span> 
     </span>
    </p>
   </div>
   <div class='ocr_carea' id='block_1_5' title="bbox 214 2790 1984 2968">
    <p class='ocr_par' dir='ltr' id='par_1_24' title="bbox 214 2790 1984 2968">
     <span class='ocr_line' id='line_1_34' title="bbox 217 2790 1984 2850; baseline -0.001 -12"><span class='ocrx_word' id='word_1_208' title='bbox 217 2794 335 2838; x_wconf 85' lang='lat' dir='ltr'>forte</span> <span class='ocrx_word' id='word_1_209' title='bbox 366 2794 552 2849; x_wconf 76' lang='lat' dir='ltr'>scripsi.-</span> <span class='ocrx_word' id='word_1_210' title='bbox 590 2792 684 2837; x_wconf 91' lang='lat' dir='ltr'>iam</span> <span class='ocrx_word' id='word_1_211' title='bbox 723 2795 883 2850; x_wconf 88' lang='lat' dir='ltr'>sponte</span> <span class='ocrx_word' id='word_1_212' title='bbox 916 2798 944 2835; x_wconf 85' lang='lat' dir='ltr'>c</span> <span class='ocrx_word' id='word_1_213' title='bbox 976 2809 1003 2836; x_wconf 81' lang='lat' dir='ltr'>a.</span> <span class='ocrx_word' id='word_1_214' title='bbox 1033 2795 1132 2838; x_wconf 90' lang='lat' dir='ltr'>tam</span> <span class='ocrx_word' id='word_1_215' title='bbox 1169 2806 1305 2849; x_wconf 88' lang='lat' dir='ltr'>saepe</span> <span class='ocrx_word' id='word_1_216' title='bbox 1337 2791 1616 2836; x_wconf 79' lang='lat' dir='ltr'>Schraderus</span> <span class='ocrx_word' id='word_1_217' title='bbox 1652 2793 1668 2848; x_wconf 85' lang='grc' dir='ltr'>ΙΙ</span> <span class='ocrx_word' id='word_1_218' title='bbox 1707 2795 1760 2834; x_wconf 90' lang='lat'>15</span> <span class='ocrx_word' id='word_1_219' title='bbox 1796 2790 1984 2847; x_wconf 84' lang='lat' dir='ltr'>augusti</span> 
     </span>
     <span class='ocr_line' id='line_1_35' title="bbox 219 2849 1982 2909; baseline 0 -15"><span class='ocrx_word' id='word_1_220' title='bbox 219 2858 247 2894; x_wconf 81' lang='lat' dir='ltr'>c</span> <span class='ocrx_word' id='word_1_221' title='bbox 279 2868 306 2895; x_wconf 80' lang='lat' dir='ltr'>a</span> <span class='ocrx_word' id='word_1_222' title='bbox 328 2854 342 2908; x_wconf 88' lang='grc' dir='ltr'>ΙΙ</span> <span class='ocrx_word' id='word_1_223' title='bbox 369 2857 421 2897; x_wconf 89' lang='grc'><strong>18</strong></span> <span class='ocrx_word' id='word_1_224' title='bbox 455 2851 688 2897; x_wconf 87' lang='lat' dir='ltr'>dimittere</span> <span class='ocrx_word' id='word_1_225' title='bbox 728 2857 777 2896; x_wconf 71' lang='grc' dir='ltr'>σε</span> <span class='ocrx_word' id='word_1_226' title='bbox 819 2852 1061 2896; x_wconf 88' lang='lat' dir='ltr'>demittere</span> <span class='ocrx_word' id='word_1_227' title='bbox 1091 2855 1130 2895; x_wconf 80' lang='lat' dir='ltr'>A</span> <span class='ocrx_word' id='word_1_228' title='bbox 1169 2851 1184 2909; x_wconf 78' lang='grc' dir='ltr'>Η</span> <span class='ocrx_word' id='word_1_229' title='bbox 1226 2856 1277 2895; x_wconf 86' lang='grc'><strong>19</strong></span> <span class='ocrx_word' id='word_1_230' title='bbox 1317 2849 1469 2895; x_wconf 90' lang='lat' dir='ltr'>uictae</span> <span class='ocrx_word' id='word_1_231' title='bbox 1503 2850 1676 2895; x_wconf 80' lang='lat' dir='ltr'>Markl.</span> <span class='ocrx_word' id='word_1_232' title='bbox 1712 2851 1728 2906; x_wconf 88' lang='grc' dir='ltr'>ΙΙ</span> <span class='ocrx_word' id='word_1_233' title='bbox 1761 2854 1816 2893; x_wconf 87' lang='grc'><strong>31</strong></span> <span class='ocrx_word' id='word_1_234' title='bbox 1850 2850 1982 2894; x_wconf 84' lang='lat' dir='ltr'>Nunc</span> 
     </span>
     <span class='ocr_line' id='line_1_36' title="bbox 214 2909 1408 2968; baseline -0.002 -14"><span class='ocrx_word' id='word_1_235' title='bbox 214 2915 248 2954; x_wconf 77' lang='grc' dir='ltr'><strong><em>ς</em></strong></span> <span class='ocrx_word' id='word_1_236' title='bbox 282 2926 328 2955; x_wconf 85' lang='lat' dir='ltr'>a:</span> <span class='ocrx_word' id='word_1_237' title='bbox 361 2911 494 2956; x_wconf 90' lang='lat' dir='ltr'>Hunc</span> <span class='ocrx_word' id='word_1_238' title='bbox 525 2916 554 2953; x_wconf 80' lang='grc'><strong>0</strong></span> <span class='ocrx_word' id='word_1_239' title='bbox 576 2913 592 2968; x_wconf 84' lang='grc' dir='ltr'>ΙΙ</span> <span class='ocrx_word' id='word_1_240' title='bbox 616 2915 673 2956; x_wconf 84' lang='grc'>34</span> <span class='ocrx_word' id='word_1_241' title='bbox 704 2911 948 2955; x_wconf 88' lang='lat' dir='ltr'>adolentur</span> <span class='ocrx_word' id='word_1_242' title='bbox 980 2914 1008 2955; x_wconf 80' lang='grc' dir='ltr'><strong>ς</strong></span> <span class='ocrx_word' id='word_1_243' title='bbox 1041 2926 1088 2955; x_wconf 81' lang='lat' dir='ltr'>a:</span> <span class='ocrx_word' id='word_1_244' title='bbox 1123 2909 1348 2955; x_wconf 83' lang='lat' dir='ltr'>addentur</span> <span class='ocrx_word' id='word_1_245' title='bbox 1380 2913 1408 2951; x_wconf 81' lang='lat' dir='ltr'><strong>G</strong></span> 
     </span>
    </p>
   </div>
  </div>
 </body>
</html>
