2014 3164
719 195 1029 244 SILUARUM
1059 196 1111 242 L.
1142 195 1200 253 V,
1236 202 1273 243 1.
1771 198 1873 252 127

32 316 52 388 3}
105 317 200 373 Nil
237 321 442 388 cantus,
482 317 560 372 nil
598 317 690 371 fila
727 316 838 370 deis
876 315 1128 386 pallentis
1167 315 1374 369 Auerni

27 391 42 445 ,ἶ-
105 391 571 461 Eumenidumque
611 389 793 443 audita
831 389 1010 443 choris
1049 389 1279 442 mulcere
1316 389 1580 444 ualerent:

28 479 49 538 ³:
106 465 313 519 Tantus
351 465 410 518 in
448 463 681 518 attonito
719 462 988 533 regnabat
1024 465 1238 531 pectore
1276 463 1474 516 luctus!

26 559 42 602 ‘jr
104 538 262 594 Nunc
301 537 465 591 etiam
505 537 572 590 ad
610 537 859 605 planctus
899 535 1099 605 refugit
1136 536 1244 588 iam
1281 537 1446 604 plana
1485 537 1705 590 cicatrix
1819 551 1876 593 30

105 610 247 665 Dum
286 610 543 679 canimus,
582 609 942 680 grauibusque
981 608 1149 662 oculis
1187 608 1405 662 uxorius
1445 610 1614 663 instat

57 727 59 732 ,
105 684 298 738 Imber.
359 683 632 738 habentne
670 683 791 752 pios
831 682 1137 736 etiamnunc
1173 682 1381 735 lumina
1417 682 1609 736 fletus?

55 774 57 778 ’
104 757 245 811 Mira
281 756 436 811 fides!
477 756 632 810 citius
672 756 915 827 genetrix
956 753 1191 824 Sipyleia
1228 754 1396 807 fertur

54 882 56 887 .
103 829 433 886 Exhausisse
472 846 667 900 genas;
705 828 862 882 citius
900 827 1192 881 Tithonida
1229 828 1419 881 maesti

24 919 27 961 j
103 903 370 958 Deficient
406 917 556 957 rores
596 904 692 956 aut
729 901 990 955 exsatiata
1025 901 1242 954 fatiscet
1820 917 1877 958 85

22 1015 39 1037 ,=
103 975 280 1031 Mater
317 975 576 1030 Achilleis
613 975 814 1029 hiemes
854 974 1154 1045 affrangere
1195 974 1383 1027 bustis.

104 1049 282 1105 Macte
321 1049 510 1104 animi!
572 1051 727 1103 notat
762 1048 869 1101 ista
906 1048 1052 1117 deus,
1091 1048 1182 1117 qui
1220 1047 1388 1101 flectit
1423 1046 1662 1102 habenas

52 1167 54 1195 ;
106 1122 264 1178 Orbis
305 1125 359 1176 et
395 1122 658 1176 humanos
696 1121 918 1191 propior
954 1120 1084 1175 Ioue
1123 1120 1319 1190 digerit
1358 1123 1508 1174 actus

66 1215 67 1218 ¹
103 1195 542 1266 Maerentemque
580 1195 769 1248 uidens
809 1194 1038 1264 lectique
1078 1211 1273 1247 arcana
1311 1194 1546 1248 ministri

7 1297 8 1300 =
56 1307 63 1317 »
104 1268 249 1325 Hinc
287 1269 452 1323 etiam
489 1269 811 1323 documenta
849 1268 1007 1337 capit,
1046 1267 1188 1337 quod
1226 1267 1406 1337 diligis
1445 1269 1693 1323 umbram
1822 1283 1879 1325 40

56 1384 57 1391 κ
107 1342 182 1397 Et
220 1342 352 1398 colis
391 1342 658 1412 exequias.
718 1340 807 1394 hic
846 1344 928 1393 est
965 1340 1300 1394 castissimus
1340 1340 1513 1406 ardor,

105 1415 210 1470 Hic
250 1433 401 1470 amor
438 1433 472 1470 a
509 1414 726 1470 domino
765 1414 988 1467 meritus
1026 1430 1243 1467 censore
1281 1414 1513 1483 probari.

105 1488 220 1544 Nec
258 1489 467 1558 mirum,
507 1489 554 1542 si
590 1505 690 1542 uos
729 1488 925 1541 collato
963 1490 1177 1556 pectore
1217 1487 1413 1540 mixtos

58 1596 59 1602 =
105 1562 290 1618 Iunxit
327 1562 617 1631 inabrupta
656 1558 957 1614 Concordia
994 1561 1159 1630 longa
1197 1564 1400 1614 catena.
1487 1608 1506 1614 ,

54 1683 59 1698 ,
105 1636 211 1690 Illa
257 1635 472 1706 quidem
510 1637 844 1705 nuptumque
883 1634 1033 1703 prior
1068 1633 1361 1703 taedasque
1400 1634 1596 1688 marito
1823 1649 1880 1690 46

106 1709 276 1764 Passa
313 1709 435 1778 alio,
475 1709 568 1762 sed
605 1711 660 1762 te
699 1725 795 1761 ceu
832 1707 1144 1777 uirginitate
1182 1707 1430 1777 iugatu‘m

105 1781 414 1837 Uisceribus
452 1782 584 1836 totis
625 1781 906 1850 animaque
945 1781 1191 1849 amplexa
1228 1781 1470 1849 fouebat3

109 1855 350 1920 Qualiter
387 1871 659 1925 aequaeuo
699 1854 959 1908 sociatam
997 1853 1220 1922 palmite
1257 1854 1425 1906 uitem

107 1929 300 1986 Ulmus
341 1931 490 1982 amat
526 1928 818 1998 miscetque
855 1944 1045 1980 nemus
1084 1926 1355 1997 ditemque
1399 1930 1649 1995 precatur

107 2003 448 2057 Autumnum
487 2004 543 2054 et
586 2002 722 2055 caris
763 2000 961 2071 gaudet
998 2000 1249 2054 redimita
1286 2001 1527 2054 racemis·
1826 2015 1881 2056 50

108 2075 423 2130 Laudantur
461 2074 679 2144 proauis
718 2078 812 2127 aut
848 2073 1103 2143 pulchrae
1143 2091 1363 2127 munere
1401 2074 1623 2142 formae,

113 2149 261 2213 Quae
299 2165 511 2202 morum
550 2164 764 2201 caruere
802 2147 975 2216 bonis,
1013 2146 1287 2217 falsaeque
1325 2149 1573 2216 potentes

111 2222 311 2277 Laudis
349 2223 512 2292 egent
547 2238 730 2274 uerae:
767 2220 870 2273 tibi
907 2238 1232 2290 quamquam
1270 2223 1325 2273 et
1361 2221 1514 2290 origo
1551 2221 1750 2274 niteret

109 2295 185 2350 Et
219 2295 350 2349 felix
386 2294 590 2364 species
629 2294 963 2364 multumque
1002 2294 1239 2362 optanda
1277 2294 1502 2363 maritis,

55 2394 57 2399 ⁴
110 2369 196 2422 Ex
231 2371 286 2422 te
323 2369 495 2426 maior
531 2367 721 2436 honos„
757 2383 923 2420 unum
960 2367 1177 2420 nouisse
1215 2367 1405 2436 cubile,
1827 2381 1882 2421 55

229 2603 287 2645 28
318 2598 472 2645 choris
501 2598 893 2656 Lindenbroyius:
925 2597 1071 2643 comis
1103 2602 1133 2640 0
1157 2614 1185 2642 a
1205 2600 1223 2656 ΙΙ
1245 2603 1301 2644 32
1334 2598 1599 2644 etiamnunc
1633 2603 1686 2643 ςε
1719 2598 1881 2643 etiam-

111 2673 222 2703 num
240 2658 369 2703 haec
390 2660 430 2702 Δ
452 2661 482 2701 0
503 2659 521 2716 ΙΙ
543 2662 599 2703 83
625 2657 727 2715 sipy
697 2657 841 2715 ylleia
863 2661 901 2701 Δ
924 2657 964 2702 si
986 2657 1122 2714 pelea
1145 2661 1174 2700 0
1207 2657 1396 2715 Sipylea
1417 2658 1591 2703 feretur
1614 2657 1837 2702 Heinsius
1868 2658 1881 2713 {¹

48 2745 49 2749 =
115 2721 170 2762 35
204 2716 433 2762 exsatiata
461 2719 500 2760 A
530 2720 580 2762 0.
612 2716 848 2762 exsiccata
878 2719 908 2761 ς
945 2717 962 2773 ΙΙ
999 2721 1055 2761 39
1086 2716 1249 2762 uidens
1278 2718 1465 2773 scripsi.
1494 2716 1626 2760 uidet
1656 2720 1685 2758 0
1717 2731 1745 2759 a
1772 2717 1789 2772 [Ι
1825 2695 1884 2761 44

52 2823 55 2834 -,
111 2775 275 2821 Uinxit
303 2775 525 2821 Heinsius
551 2778 558 2831 Ι
584 2779 640 2820 45
672 2778 960 2832 nuptumque
986 2778 1037 2820 ς·
1067 2776 1309 2832 nuptuque
1333 2779 1371 2818 A
1402 2780 1431 2818 0
1454 2778 1470 2832 ΙΙ
1494 2780 1549 2819 47
1582 2774 1793 2830 animaq3
1827 2779 1882 2818 0.

113 2833 361 2892 animoque
401 2837 431 2879 ς
454 2849 484 2878 ο.
518 2835 536 2891 ΙΙ
579 2838 635 2879 51
660 2834 930 2879 Laudentur
952 2833 1085 2878 Dom.
1129 2835 1136 2889 Ι
1184 2834 1348 2892 proaui
1372 2848 1452 2879 seu
1477 2838 1506 2876 0
1525 2849 1566 2888 a,
1590 2846 1704 2879 corr.
1736 2833 1880 2878 Hein-

0 2912 1 2920 ¹
49 2895 54 2899 ’
112 2893 211 2939 sius
232 2892 420 2950 proauis
446 2894 495 2938 et
527 2892 792 2939 Pontianus
814 2892 830 2951 ΙΙ
861 2897 916 2937 52
948 2891 1189 2950 falsaeque
1220 2893 1465 2938 Heinsius.-
1495 2893 1708 2949 falsoque
1741 2896 1779 2934 0
1802 2907 1829 2935 ιι
