1962 3120
410 932 840 1002 EDITORIS
896 930 1443 1002 PRAEFATIO.

196 1223 356 1279 Statii
387 1224 642 1278 siluarum
673 1223 1040 1277 emendatione
1071 1241 1183 1277 non
1213 1226 1360 1277 extat
1390 1224 1446 1276 in
1477 1226 1593 1276 tota
1623 1221 1816 1274 Roma·

47 1315 239 1353 norum
277 1297 428 1367 poesi
459 1296 609 1367 epica
639 1315 831 1351 munus
871 1297 1151 1351 difficilius.
1213 1315 1339 1350 nam
1378 1300 1590 1366 praeter
1628 1295 1815 1348 insitas

47 1370 105 1425 in
152 1371 270 1440 ipsa
319 1371 616 1424 carminum
662 1370 839 1424 indole
885 1369 1227 1423 difficultates
1278 1371 1507 1439 pessime
1547 1372 1601 1421 et
1638 1369 1815 1422 uerbis

48 1444 322 1514 scriptoris
362 1446 416 1496 et
454 1443 530 1496 eis
568 1443 760 1512 quibus
800 1443 892 1495 illa
931 1447 1055 1496 sunt
1093 1443 1290 1496 tradita
1336 1443 1487 1496 libris
1527 1459 1652 1495 mss.
1692 1460 1816 1495 con-

49 1517 213 1571 suluit
250 1515 504 1570 Fortuna.

195 1588 271 1643 Et
322 1589 530 1644 codices
585 1589 818 1659 quidem,
873 1590 963 1659 qui
1017 1590 1180 1643 siluas
1236 1589 1516 1643 continent
1566 1589 1818 1659 integrae,

47 1680 160 1718 non
195 1662 462 1716 habentur
505 1662 611 1716 nisi
661 1662 870 1716 saeculo
910 1661 1011 1715 XV
1049 1663 1267 1715 exarati.
1337 1662 1426 1731 qui
1474 1679 1537 1714 ex
1577 1679 1683 1715 uno
1724 1662 1815 1714 illo

48 1735 338 1806 archetypo
392 1752 533 1789 nunc
586 1734 857 1804 deperdito
919 1735 1148 1803 profecti
1202 1738 1329 1788 sunt
1392 1751 1598 1803 omnes,
1659 1753 1817 1804 quem

46 1807 287 1880 Poggius
317 1808 376 1862 in
406 1808 729 1863 monasterio
763 1809 935 1862 sancti
967 1807 1108 1861 Galli
1140 1811 1461 1878 reppererat,
1500 1811 1560 1860 ut
1589 1812 1818 1861 testatur

51 1881 370 1952 subscriptio
394 1881 452 1935 in
475 1880 696 1936 Asconii
720 1882 898 1936 codice
923 1881 1232 1935 Florentino
1256 1881 1412 1935 haec:
1450 1880 1540 1934 hoc
1559 1881 1816 1950 fraymen-

49 1959 158 2010 tum
205 1954 264 2023 Q.
301 1955 498 2010 asconii
532 1956 750 2023 pediam]
794 1959 1047 2023 repertum
1091 1959 1164 2009 est
1205 1956 1264 2009 in
1309 1956 1615 2008 monasterio
1652 1957 1818 2009 sancti

44 2029 178 2098 yalli
219 2045 381 2097 prope
425 2030 764 2084 constantiam
803 2028 943 2082 ·XX·
990 2028 1197 2082 milibus
1241 2045 1496 2096 passuum
1548 2046 1583 2080 a
1628 2027 1818 2097 Poyyio

49 2100 354 2156 Florentino
391 2118 501 2155 nna
537 2119 653 2156 oum
679 2106 834 2170 parte
871 2100 947 2156 G·
986 2102 1175 2156 ualerii
1211 2102 1359 2168 flacci
1397 2103 1447 2155 ὥ·
1485 2101 1623 2155 balbi
1667 2103 1819 2156 setini

48 2176 416 2244 aryonautioon
439 2176 515 2229 ὠ·
543 2175 622 2229 M.
638 2176 847 2229 manilii
876 2175 1264 2229 astronomicon.
1310 2179 1358 2228 et
1386 2176 1532 2229 statii
1561 2175 1817 2229 siluarum

50 2247 197 2312 libri5
244 2248 309 2302 cf.
349 2246 405 2302 G.
443 2247 888 2302 Wachsmuthius
934 2249 990 2301 in
1036 2249 1164 2301 noui
1202 2248 1374 2301 Musei
1421 2247 1666 2301 Rhenani
1714 2251 1818 2302 uol.

49 2319 234 2376 XXIX
272 2339 323 2390 p.
347 2320 456 2375 355
481 2339 579 2391 sq.;
619 2320 959 2375 Hermannus
998 2321 1239 2375 Blassius
1277 2322 1405 2375 ibid.
1444 2321 1595 2374 XXX
1633 2341 1684 2390 p.
1709 2323 1812 2375 461

51 2411 186 2463 sqq.3
226 2392 490 2448 Asconius
528 2394 642 2448 edd.
680 2394 955 2464 Kiessling
996 2398 1049 2447 et
1086 2394 1320 2464 Schoell‚
1358 2395 1520 2464 praef.
1552 2414 1603 2464 p.
1638 2394 1817 2449 XXIX

50 2469 162 2521 not.
195 2467 244 2521 3.

198 2538 356 2594 Hunc
410 2540 645 2595 codicem
704 2539 1109 2611 sangallensem
1163 2561 1195 2595 a
1240 2541 1446 2612 Poggio
1498 2542 1557 2595 in
1604 2542 1816 2595 Italiam

52 2612 392 2682 adportatum
446 2614 698 2683 contulit,
750 2614 1013 2667 incertum
1058 2633 1162 2686 quo
1216 2633 1358 2668 anno
1368 2657 1383 2684 ‚
1430 2615 1672 2685 Angelus
1719 2615 1815 2668 Po-

51 2685 268 2739 litianus
307 2704 428 2740 cum
467 2686 699 2742 editione
736 2688 973 2756 principe
1012 2706 1135 2742 ann.
1171 2689 1335 2758 14723
1376 2689 1516 2758 quod
1549 2689 1819 2758 exemplar

49 2772 189 2813 nunc
242 2757 445 2813 Romae
500 2760 558 2813 in
617 2760 944 2814 bibliotheca
998 2759 1314 2815 Corsiniana
1367 2762 1706 2815 adseruatum
1760 2762 1817 2814 in

51 2830 159 2884 fine
212 2830 377 2886 habet
428 2832 558 2887 haec
613 2835 799 2888 uerba:
835 2834 1033 2898 ‚Incidi
1069 2836 1126 2888 in
1163 2836 1420 2903 exemplar
1457 2835 1616 2889 Statii
1651 2835 1819 2903 sylua·
